2056 3628
317 206 633 282 lineum.
775 236 815 303 39

130 333 323 418 Agrigentum
348 334 517 403 civitatem,
540 353 605 391 cum
630 328 692 415 ipso
711 333 819 413 oppido

133 418 228 493 cepit,
252 434 375 494 eumque
393 413 519 473 Romam
538 432 603 473 cum
621 415 739 494 captivis
759 430 817 474 noa

132 496 238 555 bilibus
252 497 353 565 misit3
375 494 562 578 quadraginta
579 496 703 555 civitates
720 498 750 555 in
768 496 820 555 de·

66 571 71 583 ’
131 577 274 637 ditionem
291 578 421 656 accepit,
441 573 487 635 sex
505 584 533 635 dt
550 579 579 636 vi
602 578 653 635 'nti
669 582 833 659 expugna·⁴

131 660 183 718 vit.
208 658 253 718 Ita
274 659 356 716 omni
377 655 474 717 Sicilie
491 676 584 738 recept
610 673 624 728 ·,
643 658 818 736 Macedonid

132 737 247 810 fraud,
274 760 337 798 cum
364 740 474 832 ingenti
503 737 594 821 gloriti
618 739 742 804 Romam
767 761 815 799 ree

168 817 237 879 ellus
252 818 300 880 est.
312 819 461 879 Hannibal
474 819 504 878 in
518 817 600 879 Italici
612 818 670 880 Cn.
686 820 817 882 Fulvium

133 841 296 962 Honsulem
309 898 404 961 subitb
417 896 578 983 aggressus,
594 922 657 960 cum
670 905 738 962 otio
751 904 818 962 mil·

133 980 376 1042 libus'homintun
395 980 542 1041 interfecit.
637 1060 639 1063 ι

175 1063 250 1124 XV.
273 1064 380 1123 Interea
399 1063 436 1122 ad
451 1061 628 1142 Hispanias,
650 1064 700 1123 ubi
717 1068 818 1126 occisis

135 1144 247 1204 duobus
270 1145 449 1224 Scipionibus
476 1146 567 1204 nullus
590 1144 738 1205 Romanus
763 1146 819 1207 dux

134 1245 217 1298 erat,
239 1225 355 1285 Publius
377 1225 528 1286 Cornelius
553 1225 650 1305 Scipio
673 1229 792 1290 mittitur
806 1275 818 1299 ,

135 1304 212 1366 filius
230 1307 324 1368 Publii
334 1304 493 1388 Stipionis‚
519 1307 569 1387 qui
587 1306 694 1366 ibidem
712 1308 819 1368 bellum
894 1376 898 1387 ,

135 1385 274 1470 gelletat,
294 1409 383 1448 annos
401 1407 482 1448 natus
503 1405 622 1468 quatuor
640 1398 668 1449 δι
686 1391 789 1473 viginti
808 1413 819 1462 3

134 1471 181 1529 vir
207 1469 403 1529 Romanorum
428 1471 557 1529 omnium
581 1478 608 1529 δι
639 1468 690 1530 sud
716 1490 818 1541 atate,

134 1558 165 1610 &
182 1548 327 1630 posteriori
344 1570 469 1631 tempore
488 1550 544 1609 fere
562 1552 675 1630 primus.
695 1551 722 1612 Is
738 1552 817 1613 Cat-

135 1629 285 1714 thaginem
308 1629 454 1712 Hispaniae
480 1633 575 1712 capit,
597 1633 627 1690 in
651 1631 707 1713 qud
731 1654 820 1693 omne

134 1733 258 1784 autum,
282 1722 309 1772 δι
334 1733 503 1797 argentum,
525 1712 636 1773 &belli
654 1733 819 1794 apparatum

133 1792 388 1866 Afrihabeban13
411 1795 603 1855 nobilissimos
624 1815 737 1875 quoque
758 1795 818 1854 ob·-

134 1874 209 1935 sides
224 1922 233 1946 ,
254 1897 327 1957 quos
346 1877 382 1935 ab
395 1873 531 1955 Hispanis
552 1890 714 2013 acceperant
729 1900 735 1933 ε
749 1875 819 1936 Ma-

133 1976 242 2039 gonem
265 1959 351 2016 etiam
373 1956 487 2016 fratrem
512 1955 612 2015 Hanni
633 1957 686 2016 alit
710 1956 818 2018 ibidem

133 2040 234 2118 capit,
262 2060 347 2121 quem
378 2038 504 2098 Romam
535 2058 600 2096 cum
630 2038 691 2098 aliis
719 2042 817 2101 mittit.

132 2118 237 2178 Roma
263 2121 362 2203 ingens
385 2120 480 2178 latitia
501 2117 656 2198 posthunc
682 2122 818 2182 nuncium

133 2199 200 2260 finit.
218 2199 313 2281 Scipio
327 2198 519 2282 Hispanorum
533 2199 643 2261 obsides
658 2204 818 2282 parentibus
904 2230 906 2236 ’

131 2280 266 2340 reddidit.
287 2281 401 2359 Qudne
420 2301 519 2342 omnes
536 2280 594 2341 fere
614 2282 760 2364 Hispaniae
780 2284 817 2344 ad

133 2383 201 2422 eum
215 2385 274 2423 uno
285 2366 383 2423 animo
397 2366 570 2423 transierunt.
592 2362 658 2423 Post
670 2384 732 2447 quae
744 2363 819 2425 Hal-

133 2443 281 2503 dtubalem
294 2491 304 2515 ,
318 2445 489 2505 Hannibalis
503 2443 637 2517 fratrem,
650 2449 758 2507 vidium
772 2446 818 2507 fu-

132 2526 402 2667 ssltvllffillb
414 2547 568 2668 bill?
574 2546 685 2667 dliii
702 2607 740 2685 Q.
760 2609 817 2671 n.

51 2752 54 2757 ,
130 2688 194 2747 bius
211 2688 358 2748 Maximus
378 2689 534 2748 Tarentum
559 2689 684 2767 recepit,
710 2692 739 2763 in
759 2692 816 2772 qua

122 2771 261 2853 ‘ingentes
278 2773 366 2852 copiae
378 2770 548 2833 Hannibalis
564 2789 652 2832 etant.
664 2769 710 2833 Ibi
722 2764 814 2837 'etiam
