2010 3616
265 186 454 327 llyBDER
491 230 629 301 VIII.
742 239 806 323 93'

98 347 235 410 milliario
253 348 292 408 ab
305 349 386 410 Urbe
410 369 469 407 κη.
489 351 554 409 vitae
572 349 651 410 anno
668 368 787 415 uxxni.

99 433 215 511 imperii
236 449 335 489 xxm.
366 447 450 511 atque
478 430 668 510 intetDi'vos
687 433 790 493 relatus
832 446 835 452 ’
894 477 900 485 .

101 510 164 581 est,
185 520 213 570 δι
233 508 336 570 merito
358 508 540 570 consecratus.

142 590 198 650 IX.
220 589 287 651 Post
304 589 378 650 hunc
395 593 543 672 imperavit
560 591 604 651 M.
625 591 789 657 Antoninus

101 672 217 736 Verus,
241 670 318 732 haud
340 672 424 732 dubie
452 673 641 739 nobilissimus
652 674 671 747 ';‚
684 677 788 754 quippe

103 752 169 813 cuim
184 757 241 831 ejus
254 756 337 836 origo
351 772 465 833 paterna
479 752 496 811 *a
513 751 611 812 Numi
621 753 789 834 Pompilio,

103 851 232 894 materna
246 833 263 894 A
276 830 421 894 Snlenuno
436 852 501 917 rege
517 832 669 914 penderet:
684 843 711 895 &
723 856 789 897 cum

104 936 140 974 eo
160 915 194 975 L.
214 915 325 975 Annius
344 916 506 975 Antoninus
527 915 617 974 Verus
638 939 644 973 :
668 934 789 997 tuncque
834 973 838 977 .

105 994 230 1076 primum
240 996 371 1057 Romana
382 995 552 1076 Respublica
564 995 673 1055 duobus
679 989 690 1066 ,'
708 994 789 1077 aequo

103 1082 166 1156 jure
186 1074 616 1157 imperium'administran'tssius
639 1121 648 1146 ,
674 1080 787 1155 paruit:
859 1104 863 1109 ·

105 1156 193 1228 nim,
212 1155 299 1239 usque
322 1157 358 1218 ad
373 1178 445 1228 eos‘,
466 1158 592 1241 singulos
610 1155 718 1237 semper
733 1155 790 1218 ha·

105 1235 208 1299 buiffet
225 1237 375 1322 Augustos.

148 1319 187 1378 Χ.
207 1318 291 1381 Hi&
326 1340 404 1379 enete
427 1321 499 1379 inter
519 1315 548 1377 se
564 1318 708 1396 conjunsti
729 1316 792 1378 fue-

107 1420 198 1469 tunt,
230 1408 258 1461 δι
282 1341 418 1460 affinitate
440 1423 448 1457 z
470 1418 537 1459 nam
564 1398 656 1458 Verus
681 1397 792 1461 Annius

108 1480 292 1551 Antoninus,
308 1482 352 1540 M.
373 1481 513 1542 Antonini
530 1478 619 1540 filiam
639 1481 670 1539 in
690 1484 791 1540 matri-

108 1564 241 1621 monium
269 1560 397 1632 habuit3
425 1562 470 1621 M.
503 1579 598 1629 autem
628 1558 791 1622 Antoninus'

130 1663 196 1702 ener
215 1643 357 1703 Antonini
376 1643 429 1713 Pii⁴
443 1641 498 1701 fuit
519 1663 567 1722 per
587 1641 704 1703 uxorein
724 1641 791 1704 Ga-

108 1663 209 1784 ienam
233 1722 395 1784 Faustinam
420 1726 561 1802 juniorem
591 1721 793 1783 consobrinam

110 1803 201 1867 suam.
215 1803 258 1865 Hi
270 1806 376 1865 bellum
388 1823 485 1864 contra
494 1800 613 1863 Parthos
627 1799 764 1889 geffetunt
782 1824 791 1860 t

110 1888 162 1967 qui
185 1883 248 1966 post
270 1888 419 1947 vitiorium
437 1883 561 1962 'Trajani
584 1881 646 1941 uim
670 1879 795 1963 primtim
833 1890 836 1897 ‘

109 1967 323 2028 rebellaverant.
339 1968 431 2026 Verus
450 1966 612 2026 Antoninus
628 1960 665 2023 ad
684 1962 714 2022 id
731 1984 795 2044 prn⁴

112 2047 202 2108 senius
224 2045 263 2106 est
279 2071 289 2106 τ
307 2050 357 2130 qui
380 2043 563 2117 Antiochiae,
585 2052 612 2104 &
639 2046 711 2103 circa
733 2047 793 2104 Ar-

112 2130 242 2189 meniam
262 2150 371 2212 agens,
392 2129 482 2188 inuita
503 2146 552 2207 per
571 2125 676 2196 duces,
694 2134 721 2186 δι
743 2127 794 2186 in·

134 2211 212 2270 entia
230 2212 350 2290 patravit
373 2233 379 2267 :
405 2209 584 2279 Seleuciam,
604 2202 717 2284 Affyriae
742 2212 792 2265 ur-

113 2229 181 2350 }em
196 2291 426 2360 nobilissimam,
445 2311 510 2350 cum
527 2285 715 2370 quadraginta
729 2286 796 2347 nil·

112 2372 189 2432 libus
210 2369 360 2431 hominum
384 2373 458 2450 cepit
482 2366 671 2430 :Parthicum
696 2370 797 2426 trium-

113 2450 205 2534 phum
228 2456 333 2512 revexit
344 2475 354 2524 3
374 2468 438 2511 cum
458 2449 541 2523 statne
561 2448 728 2527 eodemque·
744 2445 796 2506 so·

114 2554 183 2594 cero
205 2534 288 2593 trium
311 2531 398 2593 havit.
420 2532 504 2592 Obiit
520 2549 617 2592 tamen
641 2530 679 2588 in>
693 2526 796 2585 Vene-
841 2579 844 2583 ,

112 2614 179 2685 tii,
201 2613 267 2674 cim
296 2635 313 2674 a
340 2611 505 2675 Concordia
531 2610 643 2669 civitate
668 2604 798 2669 Altinum

113 2693 354 2777 proficisceretur,
372 2704 400 2756 &
423 2715 487 2753 cum
513 2691 596 2753 fratre
617 2691 647 2749 in
667 2685 806 2753 veh'iculo‘

113 2775 237 2847 sedetet,
253 2774 346 2837 subito
358 2774 494 2859 sanguine
507 2778 593 2844 intus,
608 2767 674 2832 casu
687 2771 797 2842 morbi,
