1972 3624
203 302 562 357 artroun
653 309 717 377 rm
805 342 807 347 .

40 423 79 467 tur
97 407 286 467 certaminum
305 404 482 468 securitatem
501 404 607 469 civium
646 410 724 468 taeci-

40 489 130 566 pitare.
153 488 259 569 Neque
282 488 450 569 Imperatori
468 491 547 550 bono
565 428 724 571 quisquam

41 567 126 630 mimis
145 566 235 651 quim
257 572 445 630 temeritatem
466 592 629 654 congruere.
650 571 725 632 Satis

43 651 158 710 celeriter
175 647 263 720 fieri,
283 651 423 734 quidquid
441 651 594 713 commodb
614 670 726 735 gerere·

43 747 89 791 tut.
119 733 267 814 Armaque
299 734 353 794 nisi
389 736 508 813 majoris
538 735 725 794 emolumenti

44 809 103 892 spe,
123 833 306 909 nequaquam
326 815 470 876 movenda
491 811 564 886 esse,
588 836 624 874 ne
643 837 726 875 com-

44 893 140 971 pendio
156 913 259 966 tenui,
278 893 386 974 Jacturt
407 898 508 980 gravi,
529 898 616 976 petita
636 898 727 957 visto·

45 976 101 1046 ria,
123 977 223 1037 similis
245 979 283 1036 sit
304 974 392 1037 hamo
416 998 501 1037 aureo
525 975 726 1057 piscantibus,

47 1059 115 1134 cujus
149 1058 264 1138 abrupti
304 1060 457 1140 amissique
491 1059 691 1119 detrimentum
715 1103 727 1131 ,

48 1137 118 1196 nullo
142 1158 262 1219 capturae
284 1139 362 1199 lucto
383 1141 493 1220 pensari
511 1137 609 1219 potest.
633 1139 728 1218 Hujus

49 1234 164 1299 ternpore
189 1240 267 1281 trans
296 1218 430 1281 Rhenum
453 1217 575 1282 vastatus
599 1218 639 1279 est
660 1221 726 1280 Ro·

50 1318 139 1361 manus
162 1305 321 1374 exercitus,
344 1321 428 1383 atque
451 1301 575 1362 Tribuni
599 1311 627 1362 δι
651 1302 726 1362 Pro·

50 1399 147 1456 ptaetor.
171 1383 262 1461 Quod
285 1386 316 1443 in
335 1402 445 1443 tantum
467 1377 594 1444 accidisse
619 1383 726 1463 perdo·

50 1460 113 1533 luit,
140 1484 171 1524 ut
199 1465 307 1524 cerebri
333 1464 431 1524 valido
454 1461 565 1525 incursu
592 1467 729 1543 parietem

51 1541 182 1620 pulsaret,
200 1544 280 1606 veste
305 1546 464 1626 capilloque
486 1566 520 1605 ac
543 1544 659 1626 reliquis
677 1547 726 1606 lu-

53 1626 169 1703 gentium
190 1627 307 1688 indiciis
324 1625 470 1688 deformis.
491 1626 635 1687 Avunculi
653 1648 729 1708 quo-

53 1722 101 1782 que
118 1709 266 1770 inventurn
287 1705 467 1769 vehementer
486 1709 650 1792 arguebat,
678 1710 731 1789 qui

54 1787 147 1848 milites
156 1791 369 1851 commilitones
381 1811 457 1850 novo
470 1788 634 1870 blandoque
647 1809 729 1849 more

55 1870 206 1946 appellans,
224 1872 297 1933 dum
314 1868 427 1932 affectat
448 1872 539 1929 carior
558 1868 643 1939 fieri,
660 1890 731 1929 auc·

56 1950 187 2012 torimem
203 1955 351 2035 principis
384 1952 570 2011 emolliverat.
596 1950 742 2032 Denique·

56 2045 115 2110 erga
135 2035 208 2095 cives
231 2032 451 2096 clementissime
472 2028 596 2092 versatus
619 2029 667 2091 est.
695 2032 731 2093 In

57 2113 154 2175 amicos
187 2114 261 2177 lidus
291 2113 402 2174 exstitit.
432 2113 565 2190 Quorum
598 2113 732 2195 praecipui

59 2208 128 2255 etant
143 2198 181 2255 ob
198 2199 421 2262 taciturnitatem
442 2194 603 2266 Maecenas,
624 2195 664 2253 ob
680 2212 734 2279 ptr-¹

59 2270 178 2336 tientiam
193 2278 322 2349 laboris,
344 2274 569 2357 modestiamque
589 2276 735 2359 Agrippa·
791 2296 793 2301 ·

59 2345 199 2440 Diligebat
215 2355 345 2440 praetere‘a
364 2358 531 2453 Virgilium.
552 2356 644 2417 Rarus
663 2359 732 2436 qui·

60 2429 119 2496 <lem
135 2438 171 2499 ad
189 2439 364 2521 recipiendas
382 2440 541 2508 amicitias,
559 2437 597 2499 ad
615 2439 736 2499 retinen.

61 2511 105 2575 dn
129 2519 375 2582 constantissimus.
403 2519 584 2580 Liberalibus
612 2516 735 2589 studiis,

62 2595 204 2670 presertim
227 2602 415 2683 eloquentia,
434 2603 466 2661 in
485 2618 596 2660 tantum
619 2600 734 2659 incum-

62 2673 142 2751 bens,
161 2702 192 2743 ut
204 2684 318 2754 nullus,
337 2704 373 2743 ne
392 2684 422 2743 in
433 2683 581 2763 procinctu
599 2680 735 2762 quidem,

62 2752 192 2823 laberetur
217 2764 297 2836 dies,
325 2767 396 2846 quin
423 2763 547 2846 legeret,
579 2758 735 2835 scriberet,

63 2833 232 2908 declamaret.
250 2846 341 2931 Leges
359 2845 429 2908 alius
448 2844 648 2985 ιιοναεῄαξῇεε
669 2865 735 2905 cor·
817 2903 819 2908 .

594 2945 614 3004 ¹l
