1982 3614
220 290 286 374 198
374 284 739 357 A·ua.V1cToa

217 407 273 465 sibi
296 408 376 485 jussit
400 427 410 476 3
435 424 530 464 tamen
560 405 590 464 in
615 403 790 485 triumphum
813 405 904 469 duxit.

217 487 250 547 In
273 484 325 545 hac
345 483 442 546 latitii
462 485 532 546 iluos
551 483 625 546 filios
642 489 766 557 amisit,
789 496 817 546 &
837 509 907 568 pro-

218 564 320 649 greil'us
334 566 371 627 ad
383 567 540 647 populum,
575 570 660 627 ratias
671 569 695 626 F
696 586 803 627 ortunae
823 571 905 651 egit,
986 578 987 641 ξ

216 646 295 788 puori
312 646 419 730 siquid
437 589 590 707 adversiii

591 651 617 706 ei
655 648 694 708 bl.
713 648 906 722 imminebat,
986 660 987 663 ’

230 726 266 788 ui
283 726 349 788 elset
371 729 533 789 calamitate
550 729 614 790 deci
627 748 684 789 um.
697 729 750 790 Ob
765 727 824 788 lucc
838 751 907 790 om·
986 736 987 743 ’

157 832 160 836 ’
216 812 289 881 nia,
315 812 341 869 ei
363 808 380 869 i
402 810 508 890 populo
530 820 558 870 ὃς
579 807 596 870 *a
617 811 722 871 Senatu
743 808 905 872 concellum

217 888 279 962 est,
298 910 329 950 ut
348 890 423 950 ludis
443 890 624 951 Circensibus
639 888 809 971 'triumphali
828 890 906 952 veste

214 990 346 1032 uteretur.
366 972 416 1032 Ob
438 968 521 1051 liujus
537 974 683 1033 licentiam
703 982 730 1032 &
749 992 903 1053 pauperta-

218 1070 276 1111 tem
296 1099 305 1124 ,
327 1051 388 1134 post
410 1070 531 1112 mortem
558 1057 618 1133 ejus
640 1052 692 1113 dos
715 1055 823 1124 uxori,
848 1055 905 1115 nisi

218 1133 339 1194 venditis
372 1129 587 1204 offersionibus,
601 1156 661 1194 non
677 1135 769 1214 potuit
783 1132 902 1215 exsolvi,

220 1260 223 1267 .
258 1156 370 1276 Lvli
383 1214 515 1277 Tiberius
538 1216 719 1295 Sempronius
737 1212 906 1286 Gracchus,

217 1295 395 1358 nobilissimi
427 1293 539 1357 familiai
574 1315 652 1357 ortua
684 1341 695 1368 ,
739 1295 906 1375 Scipionem

218 1378 376 1438 Asiaeiciam
393 1424 405 1448 ‚
431 1380 561 1460 quamvis
584 1378 762 1448 inimicum,
785 1375 852 1436 duci
873 1378 906 1438 in
986 1374 987 1391 ¹

219 1479 356 1518 carcerem
376 1479 436 1518 non
457 1455 556 1540 pallus.
576 1458 680 1518 Praetor
700 1457 828 1518 Galliam
849 1457 906 1517 do·

218 1542 314 1610 muit,
334 1537 446 1600 Consul
464 1538 635 1620 Hispaniam
659 1561 669 1610 5
692 1539 779 1599 altero
800 1538 907 1598 consu·

217 1620 277 1678 latu
309 1618 468 1679 Sardiniam
491 1643 501 1690 3
527 1639 692 1701 tantumque
725 1621 905 1700 captivorum

217 1699 358 1771 adduxit,
377 1719 408 1759 ut
427 1701 515 1784 longi
536 1701 762 1761 venditione-res
782 1704 813 1761 in
835 1721 906 1781 pro·

217 1781 346 1840 verbium
371 1784 479 1841 veniret
503 1780 615 1843 :Sardi
642 1783 763 1844 uenales.
791 1780 906 1843 Censor

217 1861 385 1934 libertinos,
404 1865 454 1944 qui
473 1861 586 1923 rusticas
604 1864 693 1923 tribus
710 1860 905 1942 occupirant,

217 1947 248 2003 in
266 1963 387 2026 quatuor
401 1944 523 2004 urbanas
536 1943 652 2014 divisit,
667 1944 706 2003 ob
725 1943 803 2024 quod
816 1940 834 2002 ‘a
840 1965 906 2083 ίΡο-

216 2026 285 2106 pulo
312 2026 422 2109 collega
448 2030 506 2105 ejus
533 2024 670 2086 Claudius
695 2029 786 2095 (nam
808 2026 904 2104 lpum

217 2109 368 2166 audioritas
390 2106 547 2180 tuebatur)
571 2126 631 2165 reus
656 2103 767 2177 fastus,
788 2113 815 2164 &
838 2104 903 2164 crim

218 2207 283 2246 eum
304 2187 364 2247 duae
385 2185 478 2249 classes
500 2183 750 2255 condemnillent,
769 2184 905 2247 Tiberius

215 2271 320 2340 juravit
343 2266 374 2327 se
399 2290 464 2327 cum
492 2269 543 2328 illo
563 2269 592 2326 in
617 2267 759 2345 exsilium·
772 2268 902 2326 ituium:

217 2350 258 2408 ita
272 2370 333 2408 reus
346 2347 490 2408 absolutus
503 2347 550 2407 est.
559 2345 637 2408 Cin
648 2350 679 2406 in
693 2347 782 2406 domo
792 2346 906 2406 Tiberii

220 2430 277 2490 duo
297 2452 332 2490 an
355 2450 402 2489 ues
419 2450 433 2487 e
454 2430 559 2513 geniali
577 2449 640 2488 toro
659 2423 801 2509 repsiffent
819 2450 830 2498 3
850 2425 907 2487 res-

218 2509 310 2592 ponso
327 2451 394 2571 plato
405 2555 415 2582 ,
439 2530 504 2570 eum
527 2509 562 2569 <le
583 2509 707 2568 dominis
747 2508 904 2579 oriturum,

219 2596 297 2670 cujus
324 2591 402 2652 sexus
422 2593 523 2674 anguis
542 2586 634 2650 fuisset
653 2530 782 2661 ccciiii,
803 2609 904 2649 amore

220 2671 363 2733 Corneliae
386 2674 516 2755 conjugis
534 2692 642 2730 marem
660 2672 740 2750 jussit
760 2666 890 2729 interfici.

259 2752 413 2814 LVIII.
442 2754 557 2813 Publius
577 2751 674 2831 Scipio
695 2749 869 2811 AEmilianus
892 2796 905 2819 ,

220 2833 311 2897 Paulli
330 2832 514 2896 Macedonici
529 2832 603 2894 filius
618 2878 627 2905 ,
643 2831 660 2892 i
676 2833 807 2914 Scipione
823 2828 906 2893 Afri-
