1972 3624
202 260 268 348 358
354 251 546 323 Snxrr
587 252 737 321 Ruri

199 376 361 456 Philippum
385 375 587 442 flaminium,
616 368 719 431 Persen
743 369 884 441 Paullus,

199 455 382 537 Pseudophili
403 477 470 534 pum
484 455 618 513 Metellus
636 455 797 532 oppressit:
813 475 887 533 quo·

199 560 262 599 rum
280 477 429 617 triumplis
445 535 620 594 Macedonia
640 554 755 614 quoque
777 535 887 614 populo

199 619 334 680 Romano
358 618 491 695 adjuncla
515 615 563 674 eu
582 615 729 695 Illyricos,
773 618 802 673 ui
818 615 887 675 Ma-

199 700 354 760 cedonibus
367 700 502 758 auxilium
518 697 660 766 tulerant,
675 717 709 755 ex
722 637 824 756 elilem
838 718 888 755 oc·

199 783 312 843 cesione
329 802 377 861 per
392 780 513 839 Lucium
524 778 660 838 Anicium
675 796 826 858 praerorem
845 780 890 837 vi·

198 863 313 934 cimus,
336 872 364 923 &
379 882 427 920 eos
449 871 513 920 cum
531 879 598 942 rege
619 858 726 919 Gentio
744 861 776 918 in
796 858 886 918 dedi·

198 945 309 1003 tionem
337 945 505 1021 accepimus.
535 940 687 1001 Dardanos
715 949 743 1000 &
773 938 888 1000 Moesos

200 1023 293 1085 Curio
312 1020 464 1103 proconsul
491 1020 626 1103 subegit5
653 1031 681 1082 &
699 1024 808 1101 primus
822 1023 888 1081 Ro-

200 1127 353 1166 manorum
369 1104 473 1163 ducum
487 1103 523 1163 ad
536 1103 704 1163 Danubium
721 1101 809 1183 usque
825 1124 888 1183 per·

199 1190 286 1247 venit.
314 1187 372 1249 Sub
392 1186 470 1249 lulio
489 1194 517 1244 &
538 1184 701 1261 Octaviuno
722 1182 889 1244 Caesaribus

200 1288 249 1348 per
268 1268 364 1348 Alpes}
376 1266 464 1326 Julias
484 1269 535 1325 iter
555 1263 662 1327 facium
684 1263 724 1323 est
740 1287 747 1322 z
765 1265 888 1339 Alpinis

148 1412 151 1419 ,
201 1351 334 1411 omnibus
349 1350 452 1417 vistis,
473 1346 647 1407 Noricorum
665 1349 818 1427 provinciae
840 1354 907 1407 nc·⁴

202 1427 343 1490 cefferunt.
365 1430 474 1488 Batone
496 1428 710 1491 Pannoniorum
732 1448 798 1510 rege
821 1427 891 1488 sub·

202 1509 286 1583 ailo,
308 1509 493 1571 inditionem
513 1507 637 1569 nostram
657 1509 812 1568 Pannonia
838 1532 890 1569 ve·

202 1612 309 1652 nerunn
325 1593 489 1653 Amantinis
504 1595 577 1651 inter
590 1591 696 1651 Savum
715 1599 744 1650 &
754 1590 889 1651 Dravum

221 1671 369 1741 rostratis,
393 1674 473 1754 regio
487 1672 617 1732 Savensis
635 1694 669 1731 ac
687 1671 888 1732 Secundorum

201 1693 416 1815 lamoniorum
434 1753 500 1813 loca
516 1755 633 1814 obtenta
652 1750 724 1813 sunt.

111 1844 118 1857 '
210 1865 213 1874 ·
243 1836 342 1896 Vlll.
365 1835 562 1894 Marcomanni
576 1844 603 1894 δι
624 1834 720 1914 Quadi
732 1879 742 1904 ,
760 1833 795 1893 de
815 1835 892 1894 locis

202 1916 354 1986 Valerios,
386 1937 448 1996 quae
477 1912 540 1975 sunt
568 1919 640 1975 inter
663 1915 835 1975 Danubium
862 1925 891 1976 δι
980 1908 981 1923 ’

202 1997 356 2067 Dravum,
378 1998 450 2075 pulsi
471 1995 535 2056 sunt
556 2020 563 2054 z
586 1996 713 2057 &limes
736 1999 809 2055 inter
824 1998 891 2055 Ro·

202 2100 303 2138 manos
327 2101 359 2137 ac
380 2078 517 2138 barbaros
536 2078 571 2136 ab
590 2075 719 2160 Augusto
741 2098 791 2157 per
808 2078 891 2138 Vin·

202 2158 355 2230 delicium,
382 2180 430 2238 per
455 2158 618 2230 Noricum,
649 2158 832 2219 Pannoniam
855 2179 889 2218 ac

202 2236 360 2310 Moesiam,
382 2237 421 2298 est
438 2238 610 2299 constitutus.
630 2239 772 2318 Trajanus
789 2240 890 2300 Dacos

203 2319 255 2383 sub
274 2343 339 2404 rege
353 2321 492 2381 Decibalo
509 2323 601 2390 vicits
621 2330 649 2381 &
666 2322 790 2383 Daciam
810 2340 890 2382 trans
980 2342 981 2383 l

202 2403 369 2463 Danubium
393 2406 423 2463 in
450 2401 511 2462 solo
534 2403 684 2461 barbarico
708 2404 890 2481 provinciam

204 2482 272 2545 fecit
286 2508 296 2556 3
316 2504 377 2565 quae
393 2487 424 2542 in
441 2485 557 2542 circuitu
578 2483 670 2543 decies
687 2503 806 2543 centena
824 2484 894 2543 mil·

204 2565 243 2625 lia
262 2562 386 2646 passuum
405 2562 528 2634 habuit,
549 2562 596 2624 sed
613 2562 663 2624 sub
678 2564 815 2625 Gallieno
835 2567 893 2625 im·
980 2562 981 2587 ¹

203 2666 330 2725 peratore
355 2642 452 2705 amilla
474 2643 536 2716 est3
558 2655 585 2706 &
606 2666 654 2726 per
673 2646 862 2706 Aurelianum
877 2692 890 2716 ‚
980 2692 981 2729 p

204 2729 338 2787 transsatis
357 2727 457 2786 exinde
477 2727 639 2795 Romanu,
661 2726 721 2786 duae
735 2729 833 2786 Daciae
859 2731 891 2787 in

204 2809 367 2891 regionibus
388 2809 497 2868 Mocsiae
519 2811 530 2886 [
549 2828 581 2868 ac
601 2808 752 2869 Dardania:
771 2810 783 2884 ]
806 2807 889 2868 fedic
