2010 3616
196 217 262 262 112
386 194 704 264 Euraoarr

192 314 272 373 dines
298 315 381 396 egit:
401 334 489 395 quare
512 313 549 373 ad
575 314 817 385 Diocletianum,
844 316 877 377 in

193 393 406 475 Mesopotamii
426 417 491 454 cum
513 395 645 475 praesidiis
665 416 725 454 tum
749 416 874 455 moran-

194 495 252 535 tem
263 498 381 546 ,ovans
398 473 548 558 regressus,
569 478 678 559 ingenti
692 473 799 535 honore
813 475 878 536 sus-

194 577 290 636 ceptus
309 555 356 616 est.
376 558 465 617 Varia
485 557 658 636 deinceps&
679 558 810 618 simul&
829 561 878 617 vi·

193 639 271 697 ritim
292 636 365 697 bella
386 634 543 721 gesserunt,
566 637 716 718 Carpis&
736 637 878 699 Basternis

194 717 335 789 sebadiis,
355 720 490 780 Sarmatis
509 720 589 778 vietis
611 743 617 775 :
640 726 759 799 quarum
777 722 880 779 natio·

194 821 262 860 num
285 802 413 879 ingentes
436 801 610 879 captivorum
633 801 727 880 copias
750 801 781 860 in
805 800 876 861 Ro·

111 894 113 899 ’
195 883 287 945 manis
305 879 408 940 finibus
427 882 596 942 locaverunt.

236 962 368 1022 XXVI.
398 962 593 1022 Diocletianus
618 979 742 1021 moratus
770 961 879 1022 callidb

170 1046 174 1055 “
196 1042 271 1116 suit,
287 1042 372 1127 sagax
391 1063 540 1124 praeterea,
561 1053 588 1104 &
606 1043 760 1102 admodum
783 1041 878 1102 subti-

195 1126 230 1185 lis
243 1128 379 1208 ingenio,
396 1133 422 1184 &
437 1128 486 1207 qui
500 1124 674 1186 severitatem
688 1121 767 1183 suam
781 1123 880 1184 alieni

196 1205 305 1269 invidia
319 1207 402 1267 vellet
421 1207 529 1286 explere
552 1229 559 1262 r
582 1205 811 1290 diligentissimus
834 1210 881 1266 ta·

197 1308 265 1348 men
286 1287 526 1350 &solertissimus
550 1286 701 1367 Princeps,
719 1294 747 1346 &
768 1287 819 1367 qui
846 1288 879 1347 in

198 1371 317 1449 imperio
330 1369 464 1429 Romano
483 1371 587 1449 primus
600 1370 682 1451 regiae
698 1364 885 1427 consuetudi,

197 1452 242 1509 nis
252 1449 376 1510 formam
388 1454 479 1533 magis
491 1449 577 1531 quim
590 1450 727 1509 Romanae
738 1449 880 1510 libertatis

198 1532 322 1602 investita
335 1532 500 1613 adorarique
511 1530 539 1591 se
548 1532 644 1612 jussit,
658 1529 721 1590 crim
733 1549 796 1589 ante
808 1550 879 1590 eum

198 1614 293 1673 canui
319 1611 502 1673 salutarentur
524 1631 716 1673 :ornamenta
731 1631 878 1752 pemma-

197 1713 262 1753 rum
273 1691 394 1755 vestibus
407 1692 608 1754 calceamentis
622 1714 658 1752 ue
670 1693 729 1753 indi
750 1695 781 1752 it
795 1692 881 1752 Nam

199 1774 273 1857 priris
294 1777 405 1876 imperii
420 1777 531 1859 insigne
550 1777 581 1834 in
597 1796 612 1833 c
645 1772 746 1854 amyde
766 1794 879 1854 purpu-

199 1855 247 1918 rea
267 1877 377 1919 tantum
398 1875 482 1918 erat:
503 1856 611 1938 reliqua
632 1855 803 1915 communia.

218 1940 388 2001 .XXVIl.
411 1938 561 2000 Herculius
587 1956 705 2007 autem,
729 1934 881 2015 propalam

200 2020 291 2093 serus,
303 2032 331 2083 ὅ(
340 2021 461 2082 incivilis
471 2020 596 2102 ingenii,
607 2015 782 2094 asperitatem
795 2014 880 2076 suam

202 2104 287 2162 etiarn
308 2100 399 2162 vultds
421 2098 535 2160 horrore
555 2096 725 2181 significans.
747 2097 805 2157 Hic
827 2118 883 2156 na-

202 2200 268 2243 tura
287 2181 340 2245 suae
359 2183 439 2244 indul
459 2202 527 2254 ens,
552 2180 734 2240 Diocletiano
752 2179 790 2246 in¹
805 2198 879 2238 om-

202 2264 307 2335 nibus,
329 2266 414 2324 etiam
436 2203 617 2324 severioribus
640 2259 764 2319 consiliis
787 2256 879 2318 obse-

203 2363 282 2407 outus
303 2343 349 2406 est.
374 2344 451 2406 Cum
472 2364 568 2405 tamen
586 2339 794 2425 ingravescente
815 2360 883 2400 aevo

202 2447 301 2508 parum
313 2425 342 2486 se
352 2427 486 2489 idoneum
499 2426 694 2486 Diocletianus
704 2420 883 2480 moderando

202 2510 323 2589 imperio
333 2504 386 2568 else
399 2509 511 2571 sentiret
519 2553 531 2577 ,
549 2509 646 2566 ausim
657 2503 792 2564 Herculio
804 2499 883 2573 fuit,

203 2609 235 2649 ut
252 2592 282 2650 in
301 2592 438 2670 privatam
456 2590 546 2649 vitam
563 2585 765 2653 concederent,
781 2591 809 2642 &
824 2580 885 2642 sta-

205 2673 312 2730 tionem
330 2672 438 2733 tuenda
455 2669 626 2750 Reipublicae
645 2664 826 2727 viridioribus
841 2668 888 2741 ju·

204 2751 386 2834 altaribusque
404 2752 592 2823 mandarenta
613 2750 659 2810 cui
677 2744 750 2832 aegri
771 2744 889 2829 collega
