2010 3616
188 245 245 297 nr
261 229 380 299 Virus
396 244 687 299 triusrurnus.
718 254 783 318 177

101 348 280 431 magistratus
296 349 369 408 ferre
386 370 445 407 non
462 345 568 429 poffet,
582 350 785 413 Decem-viros

100 431 214 513 iegibus
226 430 378 490 scribendis
393 433 518 499 creavit,
538 433 647 511 quiens
662 453 695 491 ex
706 432 786 493 libris

99 513 216 572 Solonis
239 514 403 581 transsatu,
425 511 575 570 duodecim
593 512 713 572 Tabulis
737 534 787 573 ex-

99 592 262 673 posuerunt.
293 592 350 653 Sed
379 590 442 651 crim
470 595 553 672 pasto
580 593 787 656 dominationis

100 674 296 757 magistratum
310 674 364 732 sibi
376 692 584 754 profugerent,
608 696 678 736 unus
691 696 725 734 ex
739 673 785 735 his

99 756 210 835 Appius
223 754 361 817 Claudius
369 755 399 812 V
402 756 536 893 irpiniam
548 799 557 824 ,
571 756 698 839 Virginii
709 755 786 817 Cen-

99 841 220 897 turionis
232 835 320 896 filiam
333 881 345 904 ,
363 837 393 894 in
408 836 435 895 A
448 833 517 916 gido
529 835 697 906 militantis,
715 837 787 899 ada-

101 922 197 977 mavit.
214 919 312 994 Quam
333 914 397 975 ctirn
417 937 592 997 corrumpere
604 940 661 977 non
675 916 763 998 poss'et
772 965 785 992 ,

102 1000 233 1058 clientem
253 996 416 1057 subornavit
430 1043 439 1068 ‚
453 998 504 1077 qui
517 1017 579 1056 eam
591 1000 622 1058 in
639 997 785 1062 servitium

101 1079 286 1159 deposceret3
303 1077 387 1137 facile
404 1080 547 1147 vicinius,
561 1076 625 1137 crim
643 1078 702 1159 ipse
720 1078 786 1141 esset

101 1167 127 1219 &
145 1160 317 1228 accusator,
337 1169 365 1218 &
382 1159 474 1237 judex.
494 1159 575 1218 Pater
595 1180 624 1218 re
644 1159 785 1243 cogniti,

102 1241 165 1301 etim
185 1240 248 1321 ipso
271 1240 315 1299 die
336 1239 435 1319 judicii
454 1234 668 1318 supervenisset,
693 1250 721 1301 &
745 1240 785 1300 fi-

101 1322 168 1381 liam
191 1327 253 1403 jam
278 1321 421 1380 addictam
442 1320 550 1380 videret
570 1367 580 1390 ,
601 1321 702 1381 ultimo
726 1327 787 1400 ejus

102 1402 238 1484 adloquio
256 1406 427 1481 impetrato,
441 1399 505 1461 crim
520 1421 583 1462 eam
599 1404 628 1461 in
646 1400 786 1465 secretum

102 1482 276 1554 abduxiffet,
292 1482 419 1553 occidit3
434 1491 461 1542 &
478 1504 578 1561 corpus
592 1487 650 1563 ejus
665 1481 784 1544 humero

104 1585 221 1647 gerens,
244 1562 281 1624 ad
299 1566 451 1623 exercitum
470 1562 619 1646 profugit,
634 1574 662 1624 ὃ(
680 1567 782 1626 milites

103 1647 138 1705 ad
171 1644 509 1707 vindicandum-fucinus
541 1645 668 1705 accendit
693 1692 704 1715 ‚
733 1650 784 1728 qui

103 1730 199 1787 creatis
223 1728 322 1787 decern
346 1726 480 1785 Tribunis
499 1725 671 1785 Aventinum
692 1748 782 1786 occu-

104 1807 223 1888 pisunt,
245 1808 449 1868 Decem-viros
470 1808 600 1866 abdicare
620 1806 648 1866 se
671 1807 790 1890 megis-v

104 1906 174 1948 tratu
186 1907 394 1970 praeceperunt,
409 1886 511 1969 eosque
523 1908 621 1946 omnes
633 1905 679 1945 aut
693 1907 789 1947 morte

104 1989 149 2029 aut
171 1971 272 2030 exsilio
291 1972 446 2051 punierunt.
467 1970 573 2049 Appius
594 1967 731 2028 Claudius
753 1973 784 2032 in

104 2068 208 2111 carcere
228 2070 343 2111 necatus
362 2048 408 2110 est.

140 2132 239 2192 XXII.
254 2132 379 2191 Romani
396 2133 434 2190 ob
447 2129 631 2210 pestilentiam
649 2129 785 2212 responso

104 2232 262 2284 monente,
289 2212 325 2271 ad
346 2211 541 2292 AEsculapium
566 2211 785 2292 Epidauro‘ar-

106 2292 263 2354 ceffendum
277 2293 373 2352 decem
385 2295 491 2377 legatos
502 2296 623 2374 principe
634 2293 673 2368 Q.
686 2294 784 2376 Ogul-

105 2378 151 2434 nio
178 2373 324 2434 miserunt.
346 2375 406 2450 Qui
425 2372 489 2432 crim
511 2372 546 2433 ei>
570 2370 727 2442 veniffent,
755 2382 784 2433 &

105 2456 283 2515 simulacrum
297 2458 397 2536 ingens
407 2458 573 2515 mirarentur
584 2500 594 2524 ,
606 2455 704 2535 anguis
716 2454 731 2510 e
743 2452 784 2512 se·

107 2535 185 2597 dibus
200 2542 259 2616 ejus
272 2536 396 2615 elapsus,
410 2538 576 2596 venerabilis
591 2580 599 2605 ‚
619 2555 677 2593 non
691 2531 785 2592 horri-

106 2617 187 2688 bilis,
203 2639 253 2697 per
268 2618 391 2677 medium
404 2619 503 2677 urbem
518 2630 582 2675 curn
597 2613 784 2675 admiratione

106 2702 235 2757 omnium
266 2697 301 2756 ad
327 2720 428 2759 navem
449 2700 612 2757 Romanam
638 2698 783 2775 perrexit,

104 2785 132 2837 δι
150 2777 179 2839 se
207 2782 238 2840 in
259 2780 381 2864 Ogulnii
403 2779 582 2843 tabernaculo
602 2775 781 2860 conspiravit.

594 2855 664 2920 Ην
