2010 3616
224 225 360 294 Orico
384 216 672 290 GnnnrsRoM.
727 245 789 312 153
818 236 820 240 ·

104 347 235 424 porrecla
258 340 319 414 est,
347 342 504 424 Longam,
532 362 566 400 ex
588 342 683 400 colore
711 338 794 412 suis,

103 427 215 486 Albam
232 425 456 508 cognominavit.
475 420 608 503 Crimque
623 423 689 482 illuc
705 426 794 483 simu-

103 507 182 566 lacra
196 508 328 567 Deorum
343 505 490 564 Penatium
509 501 707 576 transtulisset,
759 501 791 563 s-

105 588 190 647 tridie
219 586 296 667 apud
314 586 466 646 Lavinium
495 605 687 666 apparuerunt.
717 525 792 645 Iour-

103 665 209 751 susque
228 669 316 727 relata
335 666 465 736 Albam,
487 665 675 748 appositisque
693 664 791 726 custo-

105 749 214 821 dibus,
239 747 335 808 nescio
364 749 503 830 quantu,
526 744 554 805 se
584 748 736 808 Lavinium
760 750 793 811 in

124 829 255 890 tistinam
288 828 383 891 sedem
423 826 578 887 identidem
615 849 790 908 receperunt.

103 851 209 993 ltaque
226 909 312 971 tertib
330 931 416 971 nemo
430 905 511 972 ausus
530 907 569 968 est
586 931 716 971 amovere
734 932 793 983 ea,

106 1011 138 1051 ut
158 992 294 1073 scriptum
316 989 403 1050 estin
423 987 529 1052 Annali
547 990 718 1050 Pontificum
740 992 791 1053 lib.

106 1092 161 1133 ιν.
185 1073 322 1134 Cincii&
343 1069 463 1133 Caesaris
485 1094 510 1132 2.
526 1071 687 1132 Tuberonis
710 1092 734 1132 1.
751 1074 793 1133 Ar

105 1153 249 1214 Ascanius
269 1151 418 1234 postquam
439 1149 591 1213 excessillet
612 1153 628 1211 ὲ
647 1151 726 1224 viti,
741 1154 791 1212 in·
872 1196 875 1201 ·

106 1255 150 1294 tet
170 1237 268 1295 Julum
287 1232 377 1293 filium
397 1239 478 1312 ejus,
501 1243 528 1294 ὃ(
548 1234 669 1294 Silvium
692 1232 792 1293 Postu-

108 1337 216 1386 mum,
242 1318 292 1396 qui
315 1336 348 1374 ex
372 1311 493 1374 Lavinii
520 1317 630 1397 genitus
652 1334 710 1375 erat
723 1341 742 1387 ,·
757 1315 792 1375 de

107 1396 269 1455 obtinendo
283 1398 402 1475 imperio
416 1415 478 1454 orta
493 1398 636 1455 contentio
648 1394 710 1467 est,
727 1395 793 1457 crim

108 1478 282 1549 dubitaretur
301 1500 337 1537 an
348 1475 450 1536 AEneae
463 1475 536 1536 lilius
546 1523 558 1547 ,
580 1499 617 1536 an
632 1498 720 1558 nepos
738 1499 793 1558 po-

109 1560 167 1617 tior
188 1555 261 1617 ellet.
286 1553 425 1617 Permissi
447 1554 646 1637 disceptatione
669 1564 728 1618 e'us
750 1564 793 1622 rei

109 1639 148 1698 ab
162 1640 298 1698 universis
306 1639 367 1697 Rex
379 1637 481 1699 Silvius
495 1638 647 1699 declaratus
661 1581 794 1719 ellEjus·

111 1719 177 1779 dem
207 1718 308 1800 posteri
333 1741 432 1779 omnes
459 1740 653 1803 cognomento
677 1721 759 1781 Silvii
780 1769 792 1793 ,

111 1798 199 1880 usque
215 1801 252 1861 ad
271 1802 414 1861 conditam
428 1800 579 1872 Romam,
597 1802 678 1860 Albae
694 1822 794 1884 regna-

111 1900 236 1953 vetunt,
260 1901 291 1941 ut
312 1880 350 1940 est
371 1879 504 1960 scriptum
524 1882 680 1942 Annalium
698 1885 794 1960 ponti·

111 1960 238 2022 ficalium
261 1961 311 2021 lib.
336 1982 387 2021 ιν.
416 1962 507 2045 Igitur
531 1981 665 2045 regnante
688 1962 794 2023 Latino

81 2068 84 2071 ·
112 2042 203 2103 Silvio
229 2042 347 2102 coloniae
375 2042 500 2105 deductae
530 2041 594 2104 sunt
625 2041 758 2104 Praeneste
782 2090 794 2116 ,

112 2122 226 2193 Tibur,
247 2122 355 2194 Gabii,
373 2121 550 2196 Tusculum,
569 2123 670 2197 Cora,
689 2126 795 2185 Pome-

112 2201 176 2276 ria,¹
197 2204 303 2276 Locri,
324 2202 542 2275 Crustumium,
564 2205 716 2277 Camena,
737 2208 795 2266 Bo-

113 2284 210 2356 villae,
229 2303 383 2424 caeteracHre
401 2286 506 2367 oppida
527 2288 752 2370 circumquaque.

155 2365 278 2427 XVIII.
293 2367 337 2425 Po
374 2387 439 2426 eum
452 2370 580 2461 regnavit
593 2369 723 2428 Tiberius
737 2368 795 2428 Sil-

113 2441 197 2518 viui,
216 2447 297 2506 silvii
314 2445 395 2508 lilius.
415 2447 477 2526 Qun
494 2447 558 2508 ctlrn
577 2448 705 2510 adversus
724 2447 793 2508 fini-

113 2529 201 2588 timos
220 2527 326 2609 bellum
349 2526 498 2590 inferentes
519 2532 615 2611 copias
634 2527 795 2611 enuntiet,

113 2610 186 2667 inter
206 2609 360 2687 praeliantes
383 2608 511 2690 depulsus
535 2612 566 2669 in
583 2610 719 2671 Albulam
736 2614 794 2670 flu-

110 2709 179 2774 men
187 2734 199 2758 ,
212 2688 351 2832 deferit,
375 2690 560 2773 mutandique
581 2692 705 2771 nominis
716 2690 793 2752 rexs—

114 2771 174 2830 titit
188 2790 241 2834 cau
256 2792 272 2835 a
286 2817 298 2842 ,
312 2790 344 2834 ut
356 2769 480 2834 scribunt
492 2767 595 2836 Lucius
610 2772 729 2837 Cincius
746 2774 796 2837 lib.

611 2855 640 2918 G
660 2877 679 2918 v
