<?xml version="1.0" encoding="UTF-8"?>
<!DOCTYPE html PUBLIC "-//W3C//DTD XHTML 1.0 Transitional//EN"
    "http://www.w3.org/TR/xhtml1/DTD/xhtml1-transitional.dtd">
<html xmlns="http://www.w3.org/1999/xhtml" xml:lang="en" lang="en">
 <head>
  <title>
</title>
<meta http-equiv="Content-Type" content="text/html;charset=utf-8" />
  <meta name='ocr-system' content='tesseract 3.04.00' />
  <meta name='ocr-capabilities' content='ocr_page ocr_carea ocr_par ocr_line ocrx_word'/>
</head>
<body>
  <div class='ocr_page' id='page_1' title='image "./eutropiisextaur01victgoog_0344.png"; bbox 0 0 1972 3624; ppageno 0'>
   <div class='ocr_carea' id='block_1_1' title="bbox 265 245 768 319">
    <p class='ocr_par' dir='ltr' id='par_1_1' title="bbox 265 245 768 319">
     <span class='ocr_line' id='line_1_1' title="bbox 265 245 768 319; baseline -0.002 -20"><span class='ocrx_word' id='word_1_1' title='bbox 265 245 616 299; x_wconf 64' lang='lat' dir='ltr'>rrrcoum</span> <span class='ocrx_word' id='word_1_2' title='bbox 705 250 768 319; x_wconf 52' lang='lat' dir='ltr'>3ss</span> 
     </span>
    </p>
   </div>
   <div class='ocr_carea' id='block_1_2' title="bbox 91 345 774 1137">
    <p class='ocr_par' dir='ltr' id='par_1_2' title="bbox 91 345 773 508">
     <span class='ocr_line' id='line_1_2' title="bbox 94 345 772 430; baseline 0.003 -23"><span class='ocrx_word' id='word_1_3' title='bbox 94 345 216 408; x_wconf 72' lang='lat' dir='ltr'>sato.‘Is</span> <span class='ocrx_word' id='word_1_4' title='bbox 240 347 385 430; x_wconf 83' lang='lat' dir='ltr'><strong>Philippus</strong></span> <span class='ocrx_word' id='word_1_5' title='bbox 412 348 575 410; x_wconf 88' lang='lat' dir='ltr'>humillimo</span> <span class='ocrx_word' id='word_1_6' title='bbox 602 368 679 410; x_wconf 80' lang='lat' dir='ltr'>octus</span> <span class='ocrx_word' id='word_1_7' title='bbox 707 352 772 411; x_wconf 90' lang='lat' dir='ltr'>loco</span> 
     </span>
     <span class='ocr_line' id='line_1_3' title="bbox 91 427 773 508; baseline 0.007 -20"><span class='ocrx_word' id='word_1_8' title='bbox 91 427 173 500; x_wconf 79' lang='lat' dir='ltr'>fuit,</span> <span class='ocrx_word' id='word_1_9' title='bbox 198 449 274 508; x_wconf 90' lang='lat' dir='ltr'>patre</span> <span class='ocrx_word' id='word_1_10' title='bbox 292 431 469 492; x_wconf 81' lang='lat' dir='ltr'>nobilissimo</span> <span class='ocrx_word' id='word_1_11' title='bbox 488 431 629 492; x_wconf 85' lang='lat' dir='ltr'>latronum</span> <span class='ocrx_word' id='word_1_12' title='bbox 649 431 773 493; x_wconf 67' lang='lat' dir='ltr'>ductore.</span> 
     </span>
    </p>

    <p class='ocr_par' dir='ltr' id='par_1_3' title="bbox 93 508 774 1137">
     <span class='ocr_line' id='line_1_4' title="bbox 134 508 773 584; baseline 0.006 -16"><span class='ocrx_word' id='word_1_13' title='bbox 134 508 263 570; x_wconf 85' lang='lat' dir='ltr'><strong>XXlX.</strong></span> <span class='ocrx_word' id='word_1_14' title='bbox 284 510 389 571; x_wconf 82' lang='lat' dir='ltr'>Decius</span> <span class='ocrx_word' id='word_1_15' title='bbox 411 514 429 571; x_wconf 72' lang='lat' dir='ltr'>l</span> <span class='ocrx_word' id='word_1_16' title='bbox 448 511 596 573; x_wconf 68' lang='lat' dir='ltr'>Pannonii</span> <span class='ocrx_word' id='word_1_17' title='bbox 618 512 773 584; x_wconf 86' lang='lat' dir='ltr'>inferiore,</span> 
     </span>
     <span class='ocr_line' id='line_1_5' title="bbox 94 586 772 675; baseline 0.009 -27"><span class='ocrx_word' id='word_1_18' title='bbox 94 586 218 650; x_wconf 82' lang='lat' dir='ltr'>Bubaliae</span> <span class='ocrx_word' id='word_1_19' title='bbox 237 610 340 662; x_wconf 82' lang='lat' dir='ltr'>uatus,</span> <span class='ocrx_word' id='word_1_20' title='bbox 358 595 507 673; x_wconf 86' lang='lat' dir='ltr'>imperavit</span> <span class='ocrx_word' id='word_1_21' title='bbox 522 591 632 653; x_wconf 87' lang='lat' dir='ltr'>menses</span> <span class='ocrx_word' id='word_1_22' title='bbox 646 596 772 675; x_wconf 75' lang='lat' dir='ltr'>triginta.</span> 
     </span>
     <span class='ocr_line' id='line_1_6' title="bbox 94 667 774 746; baseline 0.01 -19"><span class='ocrx_word' id='word_1_23' title='bbox 94 667 153 728; x_wconf 87' lang='lat' dir='ltr'>Hic</span> <span class='ocrx_word' id='word_1_24' title='bbox 171 671 296 731; x_wconf 84' lang='lat' dir='ltr'>Decium</span> <span class='ocrx_word' id='word_1_25' title='bbox 314 670 405 735; x_wconf 84' lang='lat' dir='ltr'>filium</span> <span class='ocrx_word' id='word_1_26' title='bbox 424 672 505 733; x_wconf 88' lang='lat' dir='ltr'>suum</span> <span class='ocrx_word' id='word_1_27' title='bbox 525 673 667 735; x_wconf 84' lang='lat' dir='ltr'>Caesatem</span> <span class='ocrx_word' id='word_1_28' title='bbox 683 674 774 746; x_wconf 85' lang='lat' dir='ltr'>fecit,</span> 
     </span>
     <span class='ocr_line' id='line_1_7' title="bbox 93 752 773 836; baseline 0.01 -27"><span class='ocrx_word' id='word_1_29' title='bbox 93 754 139 809; x_wconf 84' lang='lat' dir='ltr'>vir</span> <span class='ocrx_word' id='word_1_30' title='bbox 159 752 264 811; x_wconf 88' lang='lat' dir='ltr'>artibus</span> <span class='ocrx_word' id='word_1_31' title='bbox 286 756 414 825; x_wconf 66' lang='lat' dir='ltr'>cunulis,</span> <span class='ocrx_word' id='word_1_32' title='bbox 435 752 636 836; x_wconf 86' lang='lat' dir='ltr'>virtutibusque</span> <span class='ocrx_word' id='word_1_33' title='bbox 656 754 773 816; x_wconf 89' lang='lat' dir='ltr'>instruc-</span> 
     </span>
     <span class='ocr_line' id='line_1_8' title="bbox 94 832 772 910; baseline 0.01 -21"><span class='ocrx_word' id='word_1_34' title='bbox 94 847 161 902; x_wconf 85' lang='lat' dir='ltr'>tus,</span> <span class='ocrx_word' id='word_1_35' title='bbox 182 832 307 910; x_wconf 83' lang='lat' dir='ltr'>placidus</span> <span class='ocrx_word' id='word_1_36' title='bbox 326 842 354 894; x_wconf 90' lang='lat'>&amp;</span> <span class='ocrx_word' id='word_1_37' title='bbox 372 838 532 895; x_wconf 82' lang='lat' dir='ltr'>communis</span> <span class='ocrx_word' id='word_1_38' title='bbox 552 836 655 907; x_wconf 86' lang='lat' dir='ltr'>domi,</span> <span class='ocrx_word' id='word_1_39' title='bbox 674 838 704 896; x_wconf 85' lang='lat' dir='ltr'>in</span> <span class='ocrx_word' id='word_1_40' title='bbox 722 859 772 898; x_wconf 87' lang='lat' dir='ltr'>ar-</span> 
     </span>
     <span class='ocr_line' id='line_1_9' title="bbox 94 913 774 992; baseline 0.012 -22"><span class='ocrx_word' id='word_1_41' title='bbox 94 913 151 971; x_wconf 82' lang='lat' dir='ltr'>mis</span> <span class='ocrx_word' id='word_1_42' title='bbox 165 915 398 992; x_wconf 77' lang='lat' dir='ltr'>promptissimus.</span> <span class='ocrx_word' id='word_1_43' title='bbox 412 916 446 975; x_wconf 84' lang='lat' dir='ltr'>lo</span> <span class='ocrx_word' id='word_1_44' title='bbox 466 914 529 977; x_wconf 91' lang='lat' dir='ltr'>solo</span> <span class='ocrx_word' id='word_1_45' title='bbox 543 916 689 976; x_wconf 83' lang='lat' dir='ltr'>barbarico</span> <span class='ocrx_word' id='word_1_46' title='bbox 701 921 774 978; x_wconf 82' lang='lat' dir='ltr'>iuter</span> 
     </span>
     <span class='ocr_line' id='line_1_10' title="bbox 94 991 774 1137; baseline 0.006 -82"><span class='ocrx_word' id='word_1_47' title='bbox 94 991 228 1055; x_wconf 75' lang='lat' dir='ltr'>confirsas</span> <span class='ocrx_word' id='word_1_48' title='bbox 245 994 339 1055; x_wconf 74' lang='lat' dir='ltr'>turbas</span> <span class='ocrx_word' id='word_1_49' title='bbox 353 1000 467 1137; x_wconf 56' lang='lat' dir='ltr'>fingite</span> <span class='ocrx_word' id='word_1_50' title='bbox 488 997 596 1077; x_wconf 85' lang='lat' dir='ltr'>paludis</span> <span class='ocrx_word' id='word_1_51' title='bbox 616 996 774 1059; x_wconf 75' lang='lat' dir='ltr'>submersus</span> 
     </span>
    </p>
   </div>
   <div class='ocr_carea' id='block_1_3' title="bbox 95 1070 774 1157">
    <p class='ocr_par' dir='ltr' id='par_1_4' title="bbox 95 1070 774 1157">
     <span class='ocr_line' id='line_1_11' title="bbox 95 1070 774 1157; baseline 0.022 -28"><span class='ocrx_word' id='word_1_52' title='bbox 95 1070 151 1143; x_wconf 86' lang='lat' dir='ltr'>est,</span> <span class='ocrx_word' id='word_1_53' title='bbox 165 1074 205 1133; x_wconf 91' lang='lat' dir='ltr'>ita</span> <span class='ocrx_word' id='word_1_54' title='bbox 214 1090 245 1134; x_wconf 92' lang='lat' dir='ltr'>ut</span> <span class='ocrx_word' id='word_1_55' title='bbox 254 1095 305 1134; x_wconf 86' lang='lat' dir='ltr'>uec</span> <span class='ocrx_word' id='word_1_56' title='bbox 319 1097 352 1136; x_wconf 87' lang='lat' dir='ltr'>ca</span> <span class='ocrx_word' id='word_1_57' title='bbox 388 1098 437 1136; x_wconf 83' lang='lat' dir='ltr'>ver</span> <span class='ocrx_word' id='word_1_58' title='bbox 446 1083 504 1156; x_wconf 81' lang='lat' dir='ltr'>ejus</span> <span class='ocrx_word' id='word_1_59' title='bbox 515 1079 634 1157; x_wconf 78' lang='lat' dir='ltr'>potuerit</span> <span class='ocrx_word' id='word_1_60' title='bbox 644 1080 774 1144; x_wconf 76' lang='lat' dir='ltr'>inveniri·</span> 
     </span>
    </p>
   </div>
   <div class='ocr_carea' id='block_1_4' title="bbox 95 1153 876 1234">
    <p class='ocr_par' dir='ltr' id='par_1_5' title="bbox 95 1153 876 1234">
     <span class='ocr_line' id='line_1_12' title="bbox 95 1153 876 1234; baseline 0.01 -21"><span class='ocrx_word' id='word_1_61' title='bbox 95 1153 183 1213; x_wconf 84' lang='lat' dir='ltr'>Filius</span> <span class='ocrx_word' id='word_1_62' title='bbox 202 1153 269 1216; x_wconf 76' lang='lat' dir='ltr'>vero</span> <span class='ocrx_word' id='word_1_63' title='bbox 286 1161 344 1234; x_wconf 80' lang='lat' dir='ltr'>ejtu</span> <span class='ocrx_word' id='word_1_64' title='bbox 362 1158 438 1217; x_wconf 92' lang='lat' dir='ltr'>bello</span> <span class='ocrx_word' id='word_1_65' title='bbox 456 1156 603 1219; x_wconf 75' lang='lat' dir='ltr'>exstinllus</span> <span class='ocrx_word' id='word_1_66' title='bbox 625 1156 671 1220; x_wconf 86' lang='lat' dir='ltr'>est.</span> <span class='ocrx_word' id='word_1_67' title='bbox 690 1160 774 1221; x_wconf 85' lang='lat' dir='ltr'>Vixit</span> <span class='ocrx_word' id='word_1_68' title='bbox 874 1190 876 1194; x_wconf 96' lang='lat'>·</span> 
     </span>
    </p>
   </div>
   <div class='ocr_carea' id='block_1_5' title="bbox 34 1238 804 2861">
    <p class='ocr_par' dir='ltr' id='par_1_6' title="bbox 93 1238 774 1397">
     <span class='ocr_line' id='line_1_13' title="bbox 95 1238 774 1323; baseline 0.015 -32"><span class='ocrx_word' id='word_1_69' title='bbox 95 1254 188 1294; x_wconf 85' lang='lat' dir='ltr'>annos</span> <span class='ocrx_word' id='word_1_70' title='bbox 244 1239 437 1323; x_wconf 84' lang='lat' dir='ltr'>uinquaginta.</span> <span class='ocrx_word' id='word_1_71' title='bbox 475 1238 567 1318; x_wconf 66' lang='lat' dir='ltr'>Hujus</span> <span class='ocrx_word' id='word_1_72' title='bbox 598 1241 774 1319; x_wconf 82' lang='lat' dir='ltr'>temporibus</span> 
     </span>
     <span class='ocr_line' id='line_1_14' title="bbox 93 1257 774 1397; baseline 0.013 -24"><span class='ocrx_word' id='word_1_73' title='bbox 93 1313 206 1376; x_wconf 86' lang='lat' dir='ltr'>Valens</span> <span class='ocrx_word' id='word_1_74' title='bbox 222 1257 395 1379; x_wconf 58' lang='lat' dir='ltr'>lucinianus</span> <span class='ocrx_word' id='word_1_75' title='bbox 413 1318 569 1397; x_wconf 82' lang='lat' dir='ltr'>Imperator</span> <span class='ocrx_word' id='word_1_76' title='bbox 591 1316 705 1380; x_wconf 69' lang='lat' dir='ltr'>effecius</span> <span class='ocrx_word' id='word_1_77' title='bbox 725 1319 774 1383; x_wconf 88' lang='lat' dir='ltr'>est.</span> 
     </span>
    </p>

    <p class='ocr_par' dir='ltr' id='par_1_7' title="bbox 34 1395 776 1803">
     <span class='ocr_line' id='line_1_15' title="bbox 137 1395 774 1462; baseline 0.005 -3"><span class='ocrx_word' id='word_1_78' title='bbox 137 1395 247 1459; x_wconf 87' lang='lat' dir='ltr'><strong>XXX.</strong></span> <span class='ocrx_word' id='word_1_79' title='bbox 272 1397 377 1459; x_wconf 87' lang='lat' dir='ltr'>Vibius</span> <span class='ocrx_word' id='word_1_80' title='bbox 399 1400 499 1460; x_wconf 82' lang='lat' dir='ltr'>Gallus</span> <span class='ocrx_word' id='word_1_81' title='bbox 524 1422 588 1461; x_wconf 90' lang='lat' dir='ltr'>cum</span> <span class='ocrx_word' id='word_1_82' title='bbox 607 1401 774 1462; x_wconf 58' lang='lat' dir='ltr'>&lt;Volusiano</span> 
     </span>
     <span class='ocr_line' id='line_1_16' title="bbox 95 1474 775 1558; baseline 0.009 -22"><span class='ocrx_word' id='word_1_83' title='bbox 95 1474 158 1537; x_wconf 91' lang='lat' dir='ltr'>filio</span> <span class='ocrx_word' id='word_1_84' title='bbox 179 1480 328 1558; x_wconf 82' lang='lat' dir='ltr'>imperavit</span> <span class='ocrx_word' id='word_1_85' title='bbox 349 1502 438 1541; x_wconf 82' lang='lat' dir='ltr'>annos</span> <span class='ocrx_word' id='word_1_86' title='bbox 457 1480 672 1542; x_wconf 87' lang='lat' dir='ltr'>duos.‘Horum</span> <span class='ocrx_word' id='word_1_87' title='bbox 693 1502 775 1542; x_wconf 88' lang='lat' dir='ltr'>tem-</span> 
     </span>
     <span class='ocr_line' id='line_1_17' title="bbox 34 1557 776 1641; baseline 0.011 -24"><span class='ocrx_word' id='word_1_88' title='bbox 34 1595 38 1603; x_wconf 91' lang='lat'>·</span> <span class='ocrx_word' id='word_1_89' title='bbox 95 1559 215 1638; x_wconf 82' lang='lat' dir='ltr'>poribus</span> <span class='ocrx_word' id='word_1_90' title='bbox 224 1557 399 1621; x_wconf 79' lang='lat' dir='ltr'>Hostiliauus</span> <span class='ocrx_word' id='word_1_91' title='bbox 413 1563 557 1641; x_wconf 87' lang='lat' dir='ltr'>Perpenna</span> <span class='ocrx_word' id='word_1_92' title='bbox 571 1561 587 1621; x_wconf 71' lang='lat' dir='ltr'>l</span> <span class='ocrx_word' id='word_1_93' title='bbox 600 1562 704 1623; x_wconf 81' lang='lat' dir='ltr'>Senatu</span> <span class='ocrx_word' id='word_1_94' title='bbox 717 1565 776 1625; x_wconf 88' lang='lat' dir='ltr'>Im·</span> 
     </span>
     <span class='ocr_line' id='line_1_18' title="bbox 95 1640 775 1725; baseline 0.01 -26"><span class='ocrx_word' id='word_1_95' title='bbox 95 1660 207 1720; x_wconf 85' lang='lat' dir='ltr'>perator</span> <span class='ocrx_word' id='word_1_96' title='bbox 225 1660 353 1712; x_wconf 78' lang='lat' dir='ltr'>creatus,</span> <span class='ocrx_word' id='word_1_97' title='bbox 369 1663 423 1703; x_wconf 88' lang='lat' dir='ltr'>uec</span> <span class='ocrx_word' id='word_1_98' title='bbox 436 1643 528 1702; x_wconf 88' lang='lat' dir='ltr'>multo</span> <span class='ocrx_word' id='word_1_99' title='bbox 546 1640 607 1725; x_wconf 81' lang='lat' dir='ltr'>poll</span> <span class='ocrx_word' id='word_1_100' title='bbox 620 1642 775 1725; x_wconf 63' lang='lat' dir='ltr'>pestilentia</span> 
     </span>
     <span class='ocr_line' id='line_1_19' title="bbox 94 1721 343 1803; baseline 0.012 -22"><span class='ocrx_word' id='word_1_101' title='bbox 94 1721 275 1803; x_wconf 82' lang='lat' dir='ltr'>consumptus</span> <span class='ocrx_word' id='word_1_102' title='bbox 296 1722 343 1784; x_wconf 71' lang='lat' dir='ltr'>eit</span> 
     </span>
    </p>

    <p class='ocr_par' dir='ltr' id='par_1_8' title="bbox 93 1799 804 2861">
     <span class='ocr_line' id='line_1_20' title="bbox 136 1799 775 1868; baseline 0.008 -6"><span class='ocrx_word' id='word_1_103' title='bbox 136 1804 265 1865; x_wconf 85' lang='lat' dir='ltr'><strong>XXXI.</strong></span> <span class='ocrx_word' id='word_1_104' title='bbox 293 1804 352 1865; x_wconf 86' lang='lat' dir='ltr'>Sub</span> <span class='ocrx_word' id='word_1_105' title='bbox 375 1802 418 1867; x_wconf 82' lang='lat' dir='ltr'>his</span> <span class='ocrx_word' id='word_1_106' title='bbox 444 1806 529 1864; x_wconf 85' lang='lat' dir='ltr'>etiam</span> <span class='ocrx_word' id='word_1_107' title='bbox 550 1799 724 1865; x_wconf 84' lang='lat' dir='ltr'>AEmilianus</span> <span class='ocrx_word' id='word_1_108' title='bbox 743 1809 775 1868; x_wconf 87' lang='lat' dir='ltr'>iu</span> 
     </span>
     <span class='ocr_line' id='line_1_21' title="bbox 95 1882 775 1966; baseline -0.004 -21"><span class='ocrx_word' id='word_1_109' title='bbox 95 1883 201 1946; x_wconf 75' lang='lat' dir='ltr'>Moesil</span> <span class='ocrx_word' id='word_1_110' title='bbox 214 1887 257 1945; x_wconf 90' lang='lat' dir='ltr'>Im</span> <span class='ocrx_word' id='word_1_111' title='bbox 277 1904 370 1946; x_wconf 76' lang='lat' dir='ltr'>erutor</span> <span class='ocrx_word' id='word_1_112' title='bbox 380 1882 494 1946; x_wconf 62' lang='lat' dir='ltr'>effecius</span> <span class='ocrx_word' id='word_1_113' title='bbox 504 1882 562 1955; x_wconf 90' lang='lat' dir='ltr'>est,</span> <span class='ocrx_word' id='word_1_114' title='bbox 578 1904 674 1944; x_wconf 88' lang='lat' dir='ltr'>contra</span> <span class='ocrx_word' id='word_1_115' title='bbox 688 1905 775 1966; x_wconf 83' lang='lat' dir='ltr'>quem</span> 
     </span>
     <span class='ocr_line' id='line_1_22' title="bbox 95 1906 776 2046; baseline 0 -22"><span class='ocrx_word' id='word_1_116' title='bbox 95 1965 185 2027; x_wconf 84' lang='lat' dir='ltr'>ambo</span> <span class='ocrx_word' id='word_1_117' title='bbox 198 1906 337 2046; x_wconf 69' lang='lat' dir='ltr'>pollui,</span> <span class='ocrx_word' id='word_1_118' title='bbox 353 1965 428 2046; x_wconf 84' lang='lat' dir='ltr'>apud</span> <span class='ocrx_word' id='word_1_119' title='bbox 445 1966 636 2025; x_wconf 83' lang='lat' dir='ltr'><strong>Interamnam</strong></span> <span class='ocrx_word' id='word_1_120' title='bbox 649 1966 686 2025; x_wconf 88' lang='lat' dir='ltr'>ab</span> <span class='ocrx_word' id='word_1_121' title='bbox 697 1987 776 2025; x_wconf 81' lang='lat' dir='ltr'>exer-</span> 
     </span>
     <span class='ocr_line' id='line_1_23' title="bbox 96 2045 777 2127; baseline 0 -22"><span class='ocrx_word' id='word_1_122' title='bbox 96 2048 156 2106; x_wconf 79' lang='lat' dir='ltr'>citu</span> <span class='ocrx_word' id='word_1_123' title='bbox 174 2045 225 2107; x_wconf 88' lang='lat' dir='ltr'>suo</span> <span class='ocrx_word' id='word_1_124' title='bbox 246 2047 405 2119; x_wconf 74' lang='lat' dir='ltr'>cuduntur,</span> <span class='ocrx_word' id='word_1_125' title='bbox 424 2068 499 2106; x_wconf 79' lang='lat' dir='ltr'>anno</span> <span class='ocrx_word' id='word_1_126' title='bbox 518 2047 606 2107; x_wconf 84' lang='lat' dir='ltr'>aetatis</span> <span class='ocrx_word' id='word_1_127' title='bbox 624 2065 701 2127; x_wconf 87' lang='lat' dir='ltr'>pater</span> <span class='ocrx_word' id='word_1_128' title='bbox 717 2045 777 2127; x_wconf 87' lang='lat' dir='ltr'>sep-</span> 
     </span>
     <span class='ocr_line' id='line_1_24' title="bbox 97 2127 775 2213; baseline -0.001 -24"><span class='ocrx_word' id='word_1_129' title='bbox 97 2133 170 2189; x_wconf 87' lang='lat' dir='ltr'>timo</span> <span class='ocrx_word' id='word_1_130' title='bbox 193 2130 347 2189; x_wconf 89' lang='lat' dir='ltr'>circiter&amp;</span> <span class='ocrx_word' id='word_1_131' title='bbox 371 2127 611 2213; x_wconf 83' lang='lat' dir='ltr'>quadragesimo,</span> <span class='ocrx_word' id='word_1_132' title='bbox 638 2130 722 2187; x_wconf 86' lang='lat' dir='ltr'>creati</span> <span class='ocrx_word' id='word_1_133' title='bbox 744 2129 775 2189; x_wconf 83' lang='lat' dir='ltr'>iri</span> 
     </span>
     <span class='ocr_line' id='line_1_25' title="bbox 97 2209 775 2292; baseline 0.001 -22"><span class='ocrx_word' id='word_1_134' title='bbox 97 2209 189 2270; x_wconf 73' lang='lat' dir='ltr'>iosull</span> <span class='ocrx_word' id='word_1_135' title='bbox 206 2210 365 2292; x_wconf 73' lang='lat' dir='ltr'>Meninge,</span> <span class='ocrx_word' id='word_1_136' title='bbox 386 2231 446 2290; x_wconf 84' lang='lat' dir='ltr'>quae</span> <span class='ocrx_word' id='word_1_137' title='bbox 462 2228 536 2269; x_wconf 80' lang='lat' dir='ltr'>nunc</span> <span class='ocrx_word' id='word_1_138' title='bbox 554 2209 645 2269; x_wconf 82' lang='lat' dir='ltr'>Girba</span> <span class='ocrx_word' id='word_1_139' title='bbox 665 2209 775 2271; x_wconf 87' lang='lat' dir='ltr'>dicitur.</span> 
     </span>
     <span class='ocr_line' id='line_1_26' title="bbox 96 2289 777 2371; baseline -0.006 -17"><span class='ocrx_word' id='word_1_140' title='bbox 96 2293 273 2355; x_wconf 76' lang='lat' dir='ltr'>AEmiliams</span> <span class='ocrx_word' id='word_1_141' title='bbox 290 2289 360 2351; x_wconf 69' lang='lat' dir='ltr'>verli</span> <span class='ocrx_word' id='word_1_142' title='bbox 376 2290 484 2350; x_wconf 74' lang='lat' dir='ltr'>menses</span> <span class='ocrx_word' id='word_1_143' title='bbox 503 2309 625 2371; x_wconf 86' lang='lat' dir='ltr'>quatuor</span> <span class='ocrx_word' id='word_1_144' title='bbox 643 2289 777 2350; x_wconf 57' lang='lat' dir='ltr'>domina*</span> 
     </span>
     <span class='ocr_line' id='line_1_27' title="bbox 95 2371 776 2457; baseline -0.004 -23"><span class='ocrx_word' id='word_1_145' title='bbox 95 2393 161 2444; x_wconf 85' lang='lat' dir='ltr'>tus,</span> <span class='ocrx_word' id='word_1_146' title='bbox 176 2373 249 2457; x_wconf 85' lang='lat' dir='ltr'>apud</span> <span class='ocrx_word' id='word_1_147' title='bbox 265 2371 442 2449; x_wconf 81' lang='lat' dir='ltr'>Spoletium,</span> <span class='ocrx_word' id='word_1_148' title='bbox 462 2373 520 2431; x_wconf 88' lang='lat' dir='ltr'>sive</span> <span class='ocrx_word' id='word_1_149' title='bbox 539 2390 673 2451; x_wconf 86' lang='lat' dir='ltr'>pontem,</span> <span class='ocrx_word' id='word_1_150' title='bbox 690 2390 776 2452; x_wconf 89' lang='lat' dir='ltr'>quem</span> 
     </span>
     <span class='ocr_line' id='line_1_28' title="bbox 95 2448 804 2593; baseline -0.01 -77"><span class='ocrx_word' id='word_1_151' title='bbox 95 2456 133 2516; x_wconf 79' lang='lat' dir='ltr'>ab</span> <span class='ocrx_word' id='word_1_152' title='bbox 158 2459 216 2533; x_wconf 70' lang='lat' dir='ltr'>ejus</span> <span class='ocrx_word' id='word_1_153' title='bbox 238 2454 311 2514; x_wconf 79' lang='lat' dir='ltr'>caede</span> <span class='ocrx_word' id='word_1_154' title='bbox 334 2454 551 2537; x_wconf 72' lang='lat' dir='ltr'>sanguinarium</span> <span class='ocrx_word' id='word_1_155' title='bbox 570 2448 701 2593; x_wconf 53' lang='lat' dir='ltr'>accrepille</span> <span class='ocrx_word' id='word_1_156' title='bbox 722 2471 778 2510; x_wconf 85' lang='lat' dir='ltr'>no·</span> <span class='ocrx_word' id='word_1_157' title='bbox 801 2482 804 2489; x_wconf 77' lang='lat'><em>,</em></span> 
     </span>
     <span class='ocr_line' id='line_1_29' title="bbox 94 2533 776 2605; baseline -0.007 -10"><span class='ocrx_word' id='word_1_158' title='bbox 94 2556 162 2595; x_wconf 86' lang='lat' dir='ltr'>men</span> <span class='ocrx_word' id='word_1_159' title='bbox 183 2534 304 2605; x_wconf 84' lang='lat' dir='ltr'>ferunt,</span> <span class='ocrx_word' id='word_1_160' title='bbox 333 2536 404 2595; x_wconf 87' lang='lat' dir='ltr'>inter</span> <span class='ocrx_word' id='word_1_161' title='bbox 423 2533 591 2593; x_wconf 83' lang='lat' dir='ltr'>Ocriculum</span> <span class='ocrx_word' id='word_1_162' title='bbox 645 2533 776 2592; x_wconf 84' lang='lat' dir='ltr'>amiam·</span> 
     </span>
     <span class='ocr_line' id='line_1_30' title="bbox 95 2613 778 2697; baseline -0.004 -21"><span class='ocrx_word' id='word_1_163' title='bbox 95 2636 171 2696; x_wconf 88' lang='lat' dir='ltr'>que,</span> <span class='ocrx_word' id='word_1_164' title='bbox 190 2616 347 2695; x_wconf 85' lang='lat' dir='ltr'>Spoletium</span> <span class='ocrx_word' id='word_1_165' title='bbox 364 2623 392 2675; x_wconf 70' lang='grc' dir='ltr'>ὃ(</span> <span class='ocrx_word' id='word_1_166' title='bbox 406 2614 504 2674; x_wconf 90' lang='lat' dir='ltr'>urbem</span> <span class='ocrx_word' id='word_1_167' title='bbox 520 2613 646 2673; x_wconf 80' lang='lat' dir='ltr'>Romam</span> <span class='ocrx_word' id='word_1_168' title='bbox 661 2615 778 2697; x_wconf 76' lang='lat' dir='ltr'>regione</span> 
     </span>
     <span class='ocr_line' id='line_1_31' title="bbox 94 2694 776 2838; baseline -0.007 -81"><span class='ocrx_word' id='word_1_169' title='bbox 94 2697 190 2757; x_wconf 75' lang='lat' dir='ltr'>medici</span> <span class='ocrx_word' id='word_1_170' title='bbox 209 2699 341 2777; x_wconf 86' lang='lat' dir='ltr'>positum.</span> <span class='ocrx_word' id='word_1_171' title='bbox 369 2696 433 2756; x_wconf 86' lang='lat' dir='ltr'>Fuit</span> <span class='ocrx_word' id='word_1_172' title='bbox 456 2714 552 2754; x_wconf 83' lang='lat' dir='ltr'>autem</span> <span class='ocrx_word' id='word_1_173' title='bbox 578 2694 698 2755; x_wconf 85' lang='lat' dir='ltr'>Maurus</span> <span class='ocrx_word' id='word_1_174' title='bbox 715 2715 776 2838; x_wconf 49' lang='lat' dir='ltr'>ple·</span> 
     </span>
     <span class='ocr_line' id='line_1_32' title="bbox 93 2778 777 2861; baseline -0.004 -23"><span class='ocrx_word' id='word_1_175' title='bbox 93 2798 180 2852; x_wconf 80' lang='lat' dir='ltr'>nerc,</span> <span class='ocrx_word' id='word_1_176' title='bbox 206 2796 341 2861; x_wconf 80' lang='lat' dir='ltr'>pugnax,</span> <span class='ocrx_word' id='word_1_177' title='bbox 365 2797 417 2838; x_wconf 89' lang='lat' dir='ltr'>nec</span> <span class='ocrx_word' id='word_1_178' title='bbox 441 2794 539 2838; x_wconf 80' lang='lat' dir='ltr'>tamen</span> <span class='ocrx_word' id='word_1_179' title='bbox 561 2795 690 2856; x_wconf 75' lang='lat' dir='ltr'>praeceps.</span> <span class='ocrx_word' id='word_1_180' title='bbox 748 2778 777 2835; x_wconf 81' lang='lat' dir='ltr'>i-</span> 
     </span>
    </p>
   </div>
   <div class='ocr_carea' id='block_1_6' title="bbox 575 2856 656 2937">
    <p class='ocr_par' dir='ltr' id='par_1_9' title="bbox 575 2856 656 2937">
     <span class='ocr_line' id='line_1_33' title="bbox 575 2856 656 2937; baseline -0.037 -19"><span class='ocrx_word' id='word_1_181' title='bbox 575 2856 656 2937; x_wconf 83' lang='lat' dir='ltr'>Ovj</span> 
     </span>
    </p>
   </div>
   <div class='ocr_carea' id='block_1_7' title="bbox 0 0 993 3624">
    <p class='ocr_par' dir='ltr' id='par_1_10' title="bbox 0 0 993 3624">
     <span class='ocr_line' id='line_1_34' title="bbox 0 0 993 3624; baseline 0 0"><span class='ocrx_word' id='word_1_182' title='bbox 0 0 993 3624; x_wconf 95' lang='lat' dir='ltr'> </span> 
     </span>
    </p>
   </div>
  </div>
 </body>
</html>
