<?xml version="1.0" encoding="UTF-8"?>
<!DOCTYPE html PUBLIC "-//W3C//DTD XHTML 1.0 Transitional//EN"
    "http://www.w3.org/TR/xhtml1/DTD/xhtml1-transitional.dtd">
<html xmlns="http://www.w3.org/1999/xhtml" xml:lang="en" lang="en">
 <head>
  <title>
</title>
<meta http-equiv="Content-Type" content="text/html;charset=utf-8" />
  <meta name='ocr-system' content='tesseract 3.04.00' />
  <meta name='ocr-capabilities' content='ocr_page ocr_carea ocr_par ocr_line ocrx_word'/>
</head>
<body>
  <div class='ocr_page' id='page_1' title='image "./eutropiisextaur01victgoog_0207.png"; bbox 0 0 1982 3614; ppageno 0'>
   <div class='ocr_carea' id='block_1_1' title="bbox 231 261 903 465">
    <p class='ocr_par' dir='ltr' id='par_1_1' title="bbox 231 261 903 465">
     <span class='ocr_line' id='line_1_1' title="bbox 231 261 753 353; baseline 0.008 -19"><span class='ocrx_word' id='word_1_1' title='bbox 231 288 300 353; x_wconf 79' lang='lat'><strong>194</strong></span> <span class='ocrx_word' id='word_1_2' title='bbox 383 261 507 334; x_wconf 78' lang='lat' dir='ltr'><strong>Aur.</strong></span> <span class='ocrx_word' id='word_1_3' title='bbox 536 264 753 338; x_wconf 78' lang='lat' dir='ltr'><strong>Vtcroa</strong></span> 
     </span>
     <span class='ocr_line' id='line_1_2' title="bbox 267 383 903 465; baseline 0 -19"><span class='ocrx_word' id='word_1_4' title='bbox 267 383 388 446; x_wconf 87' lang='lat' dir='ltr'><strong>XLIX.</strong></span> <span class='ocrx_word' id='word_1_5' title='bbox 411 383 527 444; x_wconf 89' lang='lat' dir='ltr'><strong>Publius</strong></span> <span class='ocrx_word' id='word_1_6' title='bbox 550 383 675 465; x_wconf 85' lang='lat' dir='ltr'>Scipio,</span> <span class='ocrx_word' id='word_1_7' title='bbox 704 408 738 445; x_wconf 90' lang='lat' dir='ltr'><strong>ex</strong></span> <span class='ocrx_word' id='word_1_8' title='bbox 761 384 903 446; x_wconf 88' lang='lat' dir='ltr'><strong>virtutibus</strong></span> 
     </span>
    </p>
   </div>
   <div class='ocr_carea' id='block_1_2' title="bbox 131 463 980 1115">
    <p class='ocr_par' dir='ltr' id='par_1_2' title="bbox 131 463 980 709">
     <span class='ocr_line' id='line_1_3' title="bbox 227 463 902 538; baseline 0.001 -12"><span class='ocrx_word' id='word_1_9' title='bbox 227 468 390 526; x_wconf 86' lang='lat' dir='ltr'><strong>nominatus</strong></span> <span class='ocrx_word' id='word_1_10' title='bbox 402 463 570 536; x_wconf 78' lang='lat' dir='ltr'><strong>Africanus,</strong></span> <span class='ocrx_word' id='word_1_11' title='bbox 587 466 666 527; x_wconf 79' lang='lat' dir='ltr'><strong>lovis</strong></span> <span class='ocrx_word' id='word_1_12' title='bbox 681 464 755 527; x_wconf 85' lang='lat' dir='ltr'><strong>filius</strong></span> <span class='ocrx_word' id='word_1_13' title='bbox 769 466 881 527; x_wconf 88' lang='lat' dir='ltr'><strong>creditus</strong></span> <span class='ocrx_word' id='word_1_14' title='bbox 893 489 902 538; x_wconf 82' lang='lat'>3</span> 
     </span>
     <span class='ocr_line' id='line_1_4' title="bbox 225 546 980 628; baseline 0.001 -22"><span class='ocrx_word' id='word_1_15' title='bbox 225 568 293 606; x_wconf 88' lang='lat' dir='ltr'><strong>nam</strong></span> <span class='ocrx_word' id='word_1_16' title='bbox 322 566 475 627; x_wconf 83' lang='lat' dir='ltr'>antequam</span> <span class='ocrx_word' id='word_1_17' title='bbox 504 548 717 627; x_wconf 84' lang='lat' dir='ltr'>conciperetur,</span> <span class='ocrx_word' id='word_1_18' title='bbox 743 546 849 628; x_wconf 85' lang='lat' dir='ltr'><strong>serpens</strong></span> <span class='ocrx_word' id='word_1_19' title='bbox 874 550 903 607; x_wconf 86' lang='lat' dir='ltr'><strong>itt</strong></span> <span class='ocrx_word' id='word_1_20' title='bbox 979 618 980 627; x_wconf 9' lang='grc' dir='ltr'>χ</span> 
     </span>
     <span class='ocr_line' id='line_1_5' title="bbox 131 628 904 709; baseline 0 -23"><span class='ocrx_word' id='word_1_21' title='bbox 131 694 135 698; x_wconf 17' lang='lat' dir='ltr'><strong><em>s</em></strong></span> <span class='ocrx_word' id='word_1_22' title='bbox 225 628 300 687; x_wconf 72' lang='lat' dir='ltr'><strong>lecto</strong></span> <span class='ocrx_word' id='word_1_23' title='bbox 319 630 417 689; x_wconf 86' lang='lat' dir='ltr'><strong>marris</strong></span> <span class='ocrx_word' id='word_1_24' title='bbox 436 630 495 687; x_wconf 85' lang='lat' dir='ltr'><strong>e&#39;us</strong></span> <span class='ocrx_word' id='word_1_25' title='bbox 513 631 662 709; x_wconf 84' lang='lat' dir='ltr'><strong>apparuit:</strong></span> <span class='ocrx_word' id='word_1_26' title='bbox 679 637 707 688; x_wconf 77' lang='grc' dir='ltr'><strong>δι</strong></span> <span class='ocrx_word' id='word_1_27' title='bbox 726 629 780 707; x_wconf 89' lang='lat' dir='ltr'><strong>ipsi</strong></span> <span class='ocrx_word' id='word_1_28' title='bbox 812 628 904 691; x_wconf 86' lang='lat' dir='ltr'><strong>atvulo</strong></span> 
     </span>
    </p>

    <p class='ocr_par' dir='ltr' id='par_1_3' title="bbox 223 649 905 1115">
     <span class='ocr_line' id='line_1_6' title="bbox 225 649 904 779; baseline 0 -12"><span class='ocrx_word' id='word_1_29' title='bbox 225 708 311 768; x_wconf 90' lang='lat' dir='ltr'><strong>draco</strong></span> <span class='ocrx_word' id='word_1_30' title='bbox 336 712 441 769; x_wconf 85' lang='lat' dir='ltr'><strong>oitcum</strong></span> <span class='ocrx_word' id='word_1_31' title='bbox 476 706 542 779; x_wconf 90' lang='lat' dir='ltr'><strong>sus,</strong></span> <span class='ocrx_word' id='word_1_32' title='bbox 571 707 643 769; x_wconf 88' lang='lat' dir='ltr'><strong>nihil</strong></span> <span class='ocrx_word' id='word_1_33' title='bbox 665 711 772 771; x_wconf 83' lang='lat' dir='ltr'><strong>nocuit.</strong></span> <span class='ocrx_word' id='word_1_34' title='bbox 793 649 831 770; x_wconf 86' lang='lat' dir='ltr'><strong>ln</strong></span> <span class='ocrx_word' id='word_1_35' title='bbox 849 708 904 771; x_wconf 89' lang='lat' dir='ltr'><strong>Ca·</strong></span> 
     </span>
     <span class='ocr_line' id='line_1_7' title="bbox 225 787 902 870; baseline 0.001 -22"><span class='ocrx_word' id='word_1_36' title='bbox 225 790 360 870; x_wconf 88' lang='lat' dir='ltr'><strong>pitolium</strong></span> <span class='ocrx_word' id='word_1_37' title='bbox 390 787 555 869; x_wconf 61' lang='lat' dir='ltr'><strong>intempesta</strong></span> <span class='ocrx_word' id='word_1_38' title='bbox 581 793 664 851; x_wconf 64' lang='lat' dir='ltr'><strong>noete</strong></span> <span class='ocrx_word' id='word_1_39' title='bbox 692 809 804 849; x_wconf 86' lang='lat' dir='ltr'><strong>euntem</strong></span> <span class='ocrx_word' id='word_1_40' title='bbox 831 811 902 849; x_wconf 89' lang='lat' dir='ltr'><strong>nun-</strong></span> 
     </span>
     <span class='ocr_line' id='line_1_8' title="bbox 225 867 904 952; baseline 0.003 -23"><span class='ocrx_word' id='word_1_41' title='bbox 225 890 314 951; x_wconf 86' lang='lat' dir='ltr'><strong>quam</strong></span> <span class='ocrx_word' id='word_1_42' title='bbox 328 890 410 931; x_wconf 83' lang='lat' dir='ltr'><strong>canes</strong></span> <span class='ocrx_word' id='word_1_43' title='bbox 421 871 600 936; x_wconf 73' lang='lat' dir='ltr'><strong>lactaverunt.</strong></span> <span class='ocrx_word' id='word_1_44' title='bbox 614 868 676 930; x_wconf 85' lang='lat' dir='ltr'><strong>Nec</strong></span> <span class='ocrx_word' id='word_1_45' title='bbox 690 867 738 929; x_wconf 92' lang='lat' dir='ltr'><strong>hic</strong></span> <span class='ocrx_word' id='word_1_46' title='bbox 773 869 904 952; x_wconf 86' lang='lat' dir='ltr'><strong>uidquam</strong></span> 
     </span>
     <span class='ocr_line' id='line_1_9' title="bbox 224 893 905 1034; baseline 0.001 -24"><span class='ocrx_word' id='word_1_47' title='bbox 224 950 421 1033; x_wconf 77' lang='lat' dir='ltr'><strong>priuscoepit,</strong></span> <span class='ocrx_word' id='word_1_48' title='bbox 437 948 523 1034; x_wconf 68' lang='lat' dir='ltr'><strong>quim</strong></span> <span class='ocrx_word' id='word_1_49' title='bbox 534 953 564 1011; x_wconf 89' lang='lat' dir='ltr'><strong>in</strong></span> <span class='ocrx_word' id='word_1_50' title='bbox 580 949 650 1011; x_wconf 72' lang='lat' dir='ltr'><strong>cellit</strong></span> <span class='ocrx_word' id='word_1_51' title='bbox 660 949 739 1011; x_wconf 86' lang='lat' dir='ltr'><strong>lovis</strong></span> <span class='ocrx_word' id='word_1_52' title='bbox 752 893 905 1012; x_wconf 70' lang='lat' dir='ltr'><strong>liutissima</strong></span> 
     </span>
     <span class='ocr_line' id='line_1_10' title="bbox 223 1029 905 1115; baseline 0 -22"><span class='ocrx_word' id='word_1_53' title='bbox 223 1029 352 1106; x_wconf 83' lang='lat' dir='ltr'><strong>sedisset,</strong></span> <span class='ocrx_word' id='word_1_54' title='bbox 372 1035 455 1115; x_wconf 88' lang='lat' dir='ltr'><strong>quasi</strong></span> <span class='ocrx_word' id='word_1_55' title='bbox 467 1031 597 1099; x_wconf 75' lang='lat' dir='ltr'><strong>divinam</strong></span> <span class='ocrx_word' id='word_1_56' title='bbox 614 1051 740 1094; x_wconf 83' lang='lat' dir='ltr'><strong>mentem</strong></span> <span class='ocrx_word' id='word_1_57' title='bbox 756 1030 905 1114; x_wconf 70' lang='lat' dir='ltr'><strong>accepisset.</strong></span> 
     </span>
    </p>
   </div>
   <div class='ocr_carea' id='block_1_3' title="bbox 106 1114 906 1197">
    <p class='ocr_par' dir='ltr' id='par_1_4' title="bbox 106 1114 906 1197">
     <span class='ocr_line' id='line_1_11' title="bbox 106 1114 906 1197; baseline -0.003 -23"><span class='ocrx_word' id='word_1_58' title='bbox 106 1190 110 1197; x_wconf 13' lang='grc' dir='ltr'><strong><em>ἢ</em></strong></span> <span class='ocrx_word' id='word_1_59' title='bbox 224 1114 383 1176; x_wconf 80' lang='lat' dir='ltr'><strong>Decem&amp;</strong></span> <span class='ocrx_word' id='word_1_60' title='bbox 397 1114 465 1174; x_wconf 71' lang='lat' dir='ltr'><strong>ocio</strong></span> <span class='ocrx_word' id='word_1_61' title='bbox 486 1134 626 1177; x_wconf 80' lang='lat' dir='ltr'><strong>antrorum</strong></span> <span class='ocrx_word' id='word_1_62' title='bbox 643 1132 751 1196; x_wconf 84' lang='lat' dir='ltr'><strong>patrem</strong></span> <span class='ocrx_word' id='word_1_63' title='bbox 770 1115 844 1196; x_wconf 90' lang='lat' dir='ltr'><strong>apud</strong></span> <span class='ocrx_word' id='word_1_64' title='bbox 855 1114 906 1174; x_wconf 85' lang='lat' dir='ltr'><strong>Ti-</strong></span> 
     </span>
    </p>
   </div>
   <div class='ocr_carea' id='block_1_4' title="bbox 138 1192 932 2899">
    <p class='ocr_par' dir='ltr' id='par_1_5' title="bbox 138 1192 932 2899">
     <span class='ocr_line' id='line_1_12' title="bbox 224 1192 906 1356; baseline 0 -19"><span class='ocrx_word' id='word_1_65' title='bbox 224 1192 785 1356; x_wconf 41' lang='lat' dir='ltr'><strong>gpgitpemsilufflpippssivffitejaxaph?</strong></span> <span class='ocrx_word' id='word_1_66' title='bbox 797 1194 906 1337; x_wconf 58' lang='lat' dir='ltr'><strong>Ighbhi</strong></span> 
     </span>
     <span class='ocr_line' id='line_1_13' title="bbox 225 1355 905 1439; baseline 0.001 -22"><span class='ocrx_word' id='word_1_67' title='bbox 225 1356 348 1418; x_wconf 80' lang='lat' dir='ltr'><strong>deserere</strong></span> <span class='ocrx_word' id='word_1_68' title='bbox 374 1359 540 1439; x_wconf 87' lang='lat' dir='ltr'><strong>cupientes,</strong></span> <span class='ocrx_word' id='word_1_69' title='bbox 561 1355 610 1416; x_wconf 69' lang='lat' dir='ltr'><strong>sui</strong></span> <span class='ocrx_word' id='word_1_70' title='bbox 633 1360 799 1417; x_wconf 66' lang='lat' dir='ltr'><strong>auctoritate</strong></span> <span class='ocrx_word' id='word_1_71' title='bbox 825 1380 905 1418; x_wconf 85' lang='lat' dir='ltr'><strong>com·</strong></span> 
     </span>
     <span class='ocr_line' id='line_1_14' title="bbox 245 1437 908 1521; baseline 0.002 -23"><span class='ocrx_word' id='word_1_72' title='bbox 245 1437 340 1499; x_wconf 85' lang='lat' dir='ltr'><strong>escuir.</strong></span> <span class='ocrx_word' id='word_1_73' title='bbox 370 1437 517 1521; x_wconf 78' lang='lat' dir='ltr'><strong>Reliquias</strong></span> <span class='ocrx_word' id='word_1_74' title='bbox 548 1437 704 1498; x_wconf 83' lang='lat' dir='ltr'><strong>incolumes</strong></span> <span class='ocrx_word' id='word_1_75' title='bbox 736 1457 786 1517; x_wconf 88' lang='lat' dir='ltr'><strong>per</strong></span> <span class='ocrx_word' id='word_1_76' title='bbox 818 1438 908 1499; x_wconf 86' lang='lat' dir='ltr'><strong>media</strong></span> 
     </span>
     <span class='ocr_line' id='line_1_15' title="bbox 223 1458 918 1603; baseline 0.004 -25"><span class='ocrx_word' id='word_1_77' title='bbox 223 1458 352 1580; x_wconf 80' lang='lat' dir='ltr'><strong>hostium</strong></span> <span class='ocrx_word' id='word_1_78' title='bbox 370 1516 459 1579; x_wconf 72' lang='lat' dir='ltr'><strong>calita</strong></span> <span class='ocrx_word' id='word_1_79' title='bbox 470 1518 631 1580; x_wconf 84' lang='lat' dir='ltr'><strong>Canusium</strong></span> <span class='ocrx_word' id='word_1_80' title='bbox 647 1517 785 1600; x_wconf 81' lang='lat' dir='ltr'><strong>perduxit.</strong></span> <span class='ocrx_word' id='word_1_81' title='bbox 796 1519 918 1603; x_wconf 86' lang='lat' dir='ltr'><strong>Viginti-</strong></span> 
     </span>
     <span class='ocr_line' id='line_1_16' title="bbox 138 1599 908 1682; baseline 0.003 -23"><span class='ocrx_word' id='word_1_82' title='bbox 138 1599 142 1606; x_wconf 86' lang='grc'><strong>’</strong></span> <span class='ocrx_word' id='word_1_83' title='bbox 226 1620 348 1681; x_wconf 87' lang='lat' dir='ltr'><strong>quatuor</strong></span> <span class='ocrx_word' id='word_1_84' title='bbox 379 1619 522 1663; x_wconf 80' lang='lat' dir='ltr'><strong>annorum</strong></span> <span class='ocrx_word' id='word_1_85' title='bbox 547 1599 653 1662; x_wconf 83' lang='lat' dir='ltr'><strong>Praetor</strong></span> <span class='ocrx_word' id='word_1_86' title='bbox 679 1603 711 1661; x_wconf 87' lang='lat' dir='ltr'><strong>iu</strong></span> <span class='ocrx_word' id='word_1_87' title='bbox 741 1599 908 1682; x_wconf 77' lang='lat' dir='ltr'><strong>Hispaniam</strong></span> 
     </span>
     <span class='ocr_line' id='line_1_17' title="bbox 226 1678 909 1766; baseline 0 -25"><span class='ocrx_word' id='word_1_88' title='bbox 226 1678 321 1742; x_wconf 80' lang='lat' dir='ltr'><strong>millus</strong></span> <span class='ocrx_word' id='word_1_89' title='bbox 347 1726 357 1752; x_wconf 90' lang='lat'><strong><em>‚</em></strong></span> <span class='ocrx_word' id='word_1_90' title='bbox 382 1678 621 1766; x_wconf 75' lang='lat' dir='ltr'><strong>Carthaginem,</strong></span> <span class='ocrx_word' id='word_1_91' title='bbox 648 1679 704 1762; x_wconf 68' lang='lat' dir='ltr'><strong>quir</strong></span> <span class='ocrx_word' id='word_1_92' title='bbox 730 1680 776 1740; x_wconf 90' lang='lat' dir='ltr'><strong>dle</strong></span> <span class='ocrx_word' id='word_1_93' title='bbox 802 1685 909 1753; x_wconf 90' lang='lat' dir='ltr'><strong>venit,</strong></span> 
     </span>
     <span class='ocr_line' id='line_1_18' title="bbox 227 1759 911 1848; baseline 0.003 -27"><span class='ocrx_word' id='word_1_94' title='bbox 227 1782 260 1821; x_wconf 89' lang='lat' dir='ltr'><strong>ce</strong></span> <span class='ocrx_word' id='word_1_95' title='bbox 280 1766 310 1823; x_wconf 88' lang='lat' dir='ltr'><strong>it.</strong></span> <span class='ocrx_word' id='word_1_96' title='bbox 333 1763 485 1848; x_wconf 76' lang='lat' dir='ltr'><strong>Virginem</strong></span> <span class='ocrx_word' id='word_1_97' title='bbox 509 1759 749 1843; x_wconf 88' lang='lat' dir='ltr'><strong>pulcherrimam,</strong></span> <span class='ocrx_word' id='word_1_98' title='bbox 773 1761 810 1823; x_wconf 83' lang='lat' dir='ltr'><strong>acl</strong></span> <span class='ocrx_word' id='word_1_99' title='bbox 835 1768 911 1844; x_wconf 89' lang='lat' dir='ltr'><strong>cujus</strong></span> 
     </span>
     <span class='ocr_line' id='line_1_19' title="bbox 226 1841 913 1925; baseline 0.001 -22"><span class='ocrx_word' id='word_1_100' title='bbox 226 1847 372 1925; x_wconf 69' lang='lat' dir='ltr'><strong>apcbium</strong></span> <span class='ocrx_word' id='word_1_101' title='bbox 393 1843 634 1914; x_wconf 82' lang='lat' dir='ltr'><strong>concurrebatur,</strong></span> <span class='ocrx_word' id='word_1_102' title='bbox 654 1842 690 1901; x_wconf 85' lang='lat' dir='ltr'><strong>ad</strong></span> <span class='ocrx_word' id='word_1_103' title='bbox 711 1841 739 1902; x_wconf 86' lang='lat' dir='ltr'><strong>se</strong></span> <span class='ocrx_word' id='word_1_104' title='bbox 759 1847 850 1904; x_wconf 83' lang='lat' dir='ltr'><strong>vetuit</strong></span> <span class='ocrx_word' id='word_1_105' title='bbox 867 1843 913 1904; x_wconf 88' lang='lat' dir='ltr'><strong>ad·</strong></span> 
     </span>
     <span class='ocr_line' id='line_1_20' title="bbox 227 1920 911 2007; baseline 0.001 -23"><span class='ocrx_word' id='word_1_106' title='bbox 227 1924 314 1995; x_wconf 80' lang='lat' dir='ltr'><strong>duci,</strong></span> <span class='ocrx_word' id='word_1_107' title='bbox 329 1926 457 2007; x_wconf 86' lang='lat' dir='ltr'><strong>patrique</strong></span> <span class='ocrx_word' id='word_1_108' title='bbox 467 1928 526 2004; x_wconf 86' lang='lat' dir='ltr'><strong>ejus</strong></span> <span class='ocrx_word' id='word_1_109' title='bbox 542 1942 575 1983; x_wconf 84' lang='lat' dir='ltr'><strong>ac</strong></span> <span class='ocrx_word' id='word_1_110' title='bbox 587 1920 691 2005; x_wconf 81' lang='lat' dir='ltr'><strong>sponso</strong></span> <span class='ocrx_word' id='word_1_111' title='bbox 704 1921 809 1983; x_wconf 85' lang='lat' dir='ltr'><strong>restitui</strong></span> <span class='ocrx_word' id='word_1_112' title='bbox 820 1928 911 2004; x_wconf 85' lang='lat' dir='ltr'><strong>jussit.</strong></span> 
     </span>
     <span class='ocr_line' id='line_1_21' title="bbox 226 2003 913 2089; baseline 0.001 -23"><span class='ocrx_word' id='word_1_113' title='bbox 226 2003 438 2066; x_wconf 86' lang='lat' dir='ltr'><strong>Hasdrubalem</strong></span> <span class='ocrx_word' id='word_1_114' title='bbox 459 2006 695 2089; x_wconf 81' lang='lat' dir='ltr'><strong>Magonemque,</strong></span> <span class='ocrx_word' id='word_1_115' title='bbox 720 2003 821 2065; x_wconf 83' lang='lat' dir='ltr'><strong>fratres</strong></span> <span class='ocrx_word' id='word_1_116' title='bbox 834 2005 913 2067; x_wconf 85' lang='lat' dir='ltr'><strong>Han·</strong></span> 
     </span>
     <span class='ocr_line' id='line_1_22' title="bbox 228 2083 914 2167; baseline 0.001 -21"><span class='ocrx_word' id='word_1_117' title='bbox 228 2086 352 2157; x_wconf 83' lang='lat' dir='ltr'><strong>nibalis,</strong></span> <span class='ocrx_word' id='word_1_118' title='bbox 370 2083 509 2166; x_wconf 58' lang='lat' dir='ltr'><strong>Hispani&amp;</strong></span> <span class='ocrx_word' id='word_1_119' title='bbox 529 2086 643 2167; x_wconf 74' lang='lat' dir='ltr'><strong>expulit.</strong></span> <span class='ocrx_word' id='word_1_120' title='bbox 662 2085 830 2147; x_wconf 82' lang='lat' dir='ltr'><strong>Amicitiam</strong></span> <span class='ocrx_word' id='word_1_121' title='bbox 851 2108 914 2147; x_wconf 89' lang='lat' dir='ltr'><strong>cum</strong></span> 
     </span>
     <span class='ocr_line' id='line_1_23' title="bbox 229 2164 913 2251; baseline 0.003 -24"><span class='ocrx_word' id='word_1_122' title='bbox 229 2164 360 2247; x_wconf 85' lang='lat' dir='ltr'><strong>Syphace</strong></span> <span class='ocrx_word' id='word_1_123' title='bbox 372 2166 542 2229; x_wconf 87' lang='lat' dir='ltr'><strong>Maurorum</strong></span> <span class='ocrx_word' id='word_1_124' title='bbox 563 2187 629 2251; x_wconf 85' lang='lat' dir='ltr'><strong>rege</strong></span> <span class='ocrx_word' id='word_1_125' title='bbox 648 2169 803 2247; x_wconf 85' lang='lat' dir='ltr'><strong>conjunxit.</strong></span> <span class='ocrx_word' id='word_1_126' title='bbox 815 2167 913 2229; x_wconf 85' lang='lat' dir='ltr'><strong>Masi·</strong></span> 
     </span>
     <span class='ocr_line' id='line_1_24' title="bbox 229 2243 913 2329; baseline 0 -21"><span class='ocrx_word' id='word_1_127' title='bbox 229 2243 332 2308; x_wconf 80' lang='lat' dir='ltr'><strong>uillam</strong></span> <span class='ocrx_word' id='word_1_128' title='bbox 357 2250 387 2307; x_wconf 91' lang='lat' dir='ltr'><strong>in</strong></span> <span class='ocrx_word' id='word_1_129' title='bbox 410 2244 573 2309; x_wconf 84' lang='lat' dir='ltr'><strong>societatem</strong></span> <span class='ocrx_word' id='word_1_130' title='bbox 597 2250 708 2329; x_wconf 89' lang='lat' dir='ltr'><strong>recepit.</strong></span> <span class='ocrx_word' id='word_1_131' title='bbox 730 2247 836 2307; x_wconf 67' lang='lat' dir='ltr'><strong>Victor</strong></span> <span class='ocrx_word' id='word_1_132' title='bbox 858 2249 913 2309; x_wconf 86' lang='lat' dir='ltr'><strong>do·</strong></span> 
     </span>
     <span class='ocr_line' id='line_1_25' title="bbox 231 2325 917 2413; baseline -0.001 -20"><span class='ocrx_word' id='word_1_133' title='bbox 231 2349 312 2393; x_wconf 90' lang='lat' dir='ltr'><strong>mum</strong></span> <span class='ocrx_word' id='word_1_134' title='bbox 326 2325 481 2413; x_wconf 80' lang='lat' dir='ltr'><strong>regrerlus,</strong></span> <span class='ocrx_word' id='word_1_135' title='bbox 497 2325 609 2390; x_wconf 87' lang='lat' dir='ltr'><strong>Consul</strong></span> <span class='ocrx_word' id='word_1_136' title='bbox 623 2348 686 2390; x_wconf 85' lang='lat' dir='ltr'><strong>ante</strong></span> <span class='ocrx_word' id='word_1_137' title='bbox 700 2348 789 2388; x_wconf 86' lang='lat' dir='ltr'><strong>annos</strong></span> <span class='ocrx_word' id='word_1_138' title='bbox 804 2325 917 2402; x_wconf 69' lang='lat' dir='ltr'><strong>faetus,</strong></span> 
     </span>
     <span class='ocr_line' id='line_1_26' title="bbox 232 2406 915 2506; baseline -0.001 -34"><span class='ocrx_word' id='word_1_139' title='bbox 232 2410 404 2472; x_wconf 85' lang='lat' dir='ltr'><strong>concedente</strong></span> <span class='ocrx_word' id='word_1_140' title='bbox 418 2408 528 2506; x_wconf 66' lang='lat' dir='ltr'><strong>collegi</strong></span> <span class='ocrx_word' id='word_1_141' title='bbox 541 2409 710 2470; x_wconf 84' lang='lat' dir='ltr'><strong>inAfricam</strong></span> <span class='ocrx_word' id='word_1_142' title='bbox 724 2406 840 2470; x_wconf 76' lang='lat' dir='ltr'><strong>clall‘em</strong></span> <span class='ocrx_word' id='word_1_143' title='bbox 855 2426 915 2471; x_wconf 72' lang='lat' dir='ltr'><strong>tra-¹</strong></span> 
     </span>
     <span class='ocr_line' id='line_1_27' title="bbox 231 2488 919 2577; baseline 0.004 -26"><span class='ocrx_word' id='word_1_144' title='bbox 231 2496 307 2577; x_wconf 79' lang='lat' dir='ltr'><strong>jecit.</strong></span> <span class='ocrx_word' id='word_1_145' title='bbox 331 2489 518 2565; x_wconf 76' lang='lat' dir='ltr'><strong>Hasdrubahs</strong></span> <span class='ocrx_word' id='word_1_146' title='bbox 540 2499 567 2559; x_wconf 61' lang='grc' dir='ltr'><strong>ὃς</strong></span> <span class='ocrx_word' id='word_1_147' title='bbox 589 2488 724 2573; x_wconf 85' lang='lat' dir='ltr'><strong>Syphacis</strong></span> <span class='ocrx_word' id='word_1_148' title='bbox 750 2488 840 2549; x_wconf 84' lang='lat' dir='ltr'><strong>castra</strong></span> <span class='ocrx_word' id='word_1_149' title='bbox 864 2490 919 2553; x_wconf 71' lang='lat' dir='ltr'><strong>uni</strong></span> 
     </span>
     <span class='ocr_line' id='line_1_28' title="bbox 234 2570 918 2653; baseline 0 -19"><span class='ocrx_word' id='word_1_150' title='bbox 234 2578 318 2634; x_wconf 74' lang='lat' dir='ltr'><strong>noste</strong></span> <span class='ocrx_word' id='word_1_151' title='bbox 336 2575 464 2653; x_wconf 87' lang='lat' dir='ltr'><strong>perrupit.</strong></span> <span class='ocrx_word' id='word_1_152' title='bbox 486 2572 661 2632; x_wconf 88' lang='lat' dir='ltr'><strong>Revocatum</strong></span> <span class='ocrx_word' id='word_1_153' title='bbox 677 2592 710 2630; x_wconf 82' lang='lat' dir='ltr'><strong>ex</strong></span> <span class='ocrx_word' id='word_1_154' title='bbox 727 2570 811 2630; x_wconf 74' lang='lat' dir='ltr'><strong>Italia</strong></span> <span class='ocrx_word' id='word_1_155' title='bbox 829 2571 918 2634; x_wconf 89' lang='lat' dir='ltr'><strong>Han-</strong></span> 
     </span>
     <span class='ocr_line' id='line_1_29' title="bbox 234 2648 918 2748; baseline 0.003 -34"><span class='ocrx_word' id='word_1_156' title='bbox 234 2654 360 2717; x_wconf 87' lang='lat' dir='ltr'><strong>nibalem</strong></span> <span class='ocrx_word' id='word_1_157' title='bbox 381 2652 528 2733; x_wconf 78' lang='lat' dir='ltr'><strong>superavit.</strong></span> <span class='ocrx_word' id='word_1_158' title='bbox 550 2653 645 2713; x_wconf 74' lang='lat' dir='ltr'><strong>Vicus</strong></span> <span class='ocrx_word' id='word_1_159' title='bbox 664 2648 918 2748; x_wconf 77' lang='lat' dir='ltr'><strong>Carthaginiensi-</strong></span> 
     </span>
     <span class='ocr_line' id='line_1_30' title="bbox 235 2729 932 2819; baseline 0.001 -28"><span class='ocrx_word' id='word_1_160' title='bbox 235 2735 289 2792; x_wconf 88' lang='lat' dir='ltr'><strong>bus</strong></span> <span class='ocrx_word' id='word_1_161' title='bbox 307 2735 382 2816; x_wconf 83' lang='lat' dir='ltr'><strong>leges</strong></span> <span class='ocrx_word' id='word_1_162' title='bbox 401 2732 544 2812; x_wconf 86' lang='lat' dir='ltr'><strong>imposuit.</strong></span> <span class='ocrx_word' id='word_1_163' title='bbox 562 2733 642 2795; x_wconf 90' lang='lat' dir='ltr'><strong>Bello</strong></span> <span class='ocrx_word' id='word_1_164' title='bbox 655 2729 794 2794; x_wconf 81' lang='lat' dir='ltr'><strong>Antiochi</strong></span> <span class='ocrx_word' id='word_1_165' title='bbox 808 2734 932 2819; x_wconf 83' lang='lat' dir='ltr'><strong>legams.</strong></span> 
     </span>
     <span class='ocr_line' id='line_1_31' title="bbox 231 2813 921 2899; baseline 0 -22"><span class='ocrx_word' id='word_1_166' title='bbox 231 2814 319 2877; x_wconf 80' lang='lat' dir='ltr'><strong>&#39;fratri</strong></span> <span class='ocrx_word' id='word_1_167' title='bbox 342 2813 404 2875; x_wconf 88' lang='lat' dir='ltr'><strong>fuit.</strong></span> <span class='ocrx_word' id='word_1_168' title='bbox 426 2815 551 2899; x_wconf 85' lang='lat' dir='ltr'><strong>Captum</strong></span> <span class='ocrx_word' id='word_1_169' title='bbox 578 2813 669 2878; x_wconf 80' lang='lat' dir='ltr'><strong>lilium</strong></span> <span class='ocrx_word' id='word_1_170' title='bbox 694 2816 781 2899; x_wconf 82' lang='lat' dir='ltr'><strong>gratis</strong></span> <span class='ocrx_word' id='word_1_171' title='bbox 804 2819 921 2899; x_wconf 88' lang='lat' dir='ltr'><strong>recepit.</strong></span> 
     </span>
    </p>
   </div>
   <div class='ocr_carea' id='block_1_5' title="bbox 0 0 1010 3614">
    <p class='ocr_par' dir='ltr' id='par_1_6' title="bbox 0 0 1010 3614">
     <span class='ocr_line' id='line_1_32' title="bbox 0 0 1010 3614; baseline 0 0"><span class='ocrx_word' id='word_1_172' title='bbox 0 0 1010 3614; x_wconf 95' lang='lat' dir='ltr'><strong> </strong></span> 
     </span>
    </p>
   </div>
  </div>
 </body>
</html>
