2056 3628
292 281 476 350 LIBER
512 280 610 350 III.
746 306 817 371 4¹*

104 397 259 461 Hannibal
291 399 415 459 diffidere
447 405 504 477 jam
539 401 573 460 de
606 401 674 460 belli
710 406 797 485 coepit

109 499 223 541 eventu.
252 480 393 540 Romanis
417 484 515 564 ingens
536 484 648 543 animus
671 487 793 545 accessit.

109 561 212 642 Itaque
226 570 254 620 &
268 564 319 641 ipsi
332 582 518 623 evocaverunt
533 584 566 621 ex
577 562 716 643 Hispania
733 565 793 624 Pu-

111 643 204 701 blium
226 642 395 703 Cornelium
421 644 591 723 Scipionem.
619 644 646 705 Is
669 645 795 706 Romam
829 648 832 653 ‘

110 744 177 783 cum
198 725 228 782 in
251 725 310 783 enti
327 721 418 806 gloria
434 727 519 784 venit.

153 745 250 863 xlii,
273 805 383 881 Quinto
403 804 546 876 Caecilio,
568 806 658 867 Lucio
678 807 797 868 Valerio

113 883 292 946 Consulibus
307 905 405 946 omnes
424 888 570 959 civitates,
589 909 650 969 quae
668 890 698 948 in
715 889 799 948 Brut-

113 968 162 1026 ciis
186 965 224 1025 ab
251 963 414 1027 Hannibale
439 967 628 1041 tenebantur,
659 970 799 1030 Romanis

116 1045 147 1107 se
164 1047 345 1108 tradiderunt„

157 1128 231 1188 XX.
253 1131 340 1188 Anno
356 1130 585 1211 decimo-quarto
602 1129 750 1212 postquam
770 1134 799 1192 in

115 1208 233 1270 Italiam
261 1211 409 1286 Hannibal
439 1232 575 1285 venerat,
603 1212 724 1292 Scipio,
772 1214 803 1273 ui

117 1293 210 1350 multa
234 1293 264 1350 in
282 1291 422 1372 Hispanii
445 1293 517 1352 bend
544 1312 661 1378 egerat,
690 1235 803 1361 Conlul

117 1370 158 1431 est
184 1372 306 1444 faetus,
337 1383 364 1434 δι
392 1376 422 1432 in
447 1373 574 1434 Africam
605 1370 699 1434 mitius
724 1397 731 1432 :
756 1376 801 1434 cui

118 1456 183 1512 vico
208 1454 335 1513 divinum
356 1453 493 1536 quiddam
514 1453 597 1516 inelle
620 1455 802 1517 existimaba-

119 1553 168 1594 tur
177 1557 189 1606 3
211 1532 282 1594 aded
298 1553 329 1595 ut
365 1555 487 1596 utaretur
501 1538 587 1597 etiam
606 1558 670 1597 cum
689 1537 800 1599 Numi-

119 1616 205 1676 nibus
221 1613 323 1676 haberc
340 1556 508 1678 lismoncm.
528 1619 556 1678 Is
572 1621 602 1678 in
619 1617 717 1678 Africa
733 1641 803 1680 con-

118 1717 165 1757 tra
188 1698 362 1757 Hannonem
387 1699 488 1759 ducem
508 1699 643 1759 Aftorum
667 1718 802 1784 pugnat,

120 1781 274 1838 exercitum
297 1784 355 1858 ejus
380 1779 519 1840 interficit.
550 1780 680 1841 Secundo
708 1781 804 1861 ptaelio

122 1858 212 1920 castra
224 1860 320 1940 capit,
334 1882 398 1920 cum
412 1881 533 1942 quatuor
545 1862 709 1923 millibus&
722 1864 805 1942 quin-

123 1944 216 2023 gentis
232 1942 388 2014 militibus,
405 1943 537 2003 undecim
554 1942 679 2001 millibua
695 1943 804 2002 occisis.

122 2021 285 2103 Syphacem
306 2022 449 2083 Numidia
467 2044 587 2107 regem,
610 2026 660 2104 qui
681 2021 708 2083 se
726 2022 806 2083 Afris

123 2109 332 2182 conjunxerat,
354 2107 449 2184 capit,
467 2113 494 2164 δι
509 2103 595 2164 castra
611 2111 668 2183 ejus
685 2104 803 2166 invadit.

123 2183 242 2266 Syphax
261 2206 326 2244 cum
342 2186 524 2245 nobilissimis
540 2185 695 2256 Numidis,
715 2194 742 2246 δι
759 2188 805 2256 in7
898 2254 902 2258 ,

124 2264 215 2326 finitis
233 2263 353 2347 spoliis,
376 2266 501 2326 Romam
522 2264 539 2327 'a
558 2267 689 2347 Scipione
709 2269 804 2326 mitti·

125 2367 171 2406 tur
197 2370 205 2405 e
231 2344 287 2428 quai
313 2368 343 2406 te
365 2345 490 2420 auditi,
519 2349 613 2406 omnis
639 2347 696 2407 ferd
724 2347 807 2408 ltalia

124 2428 321 2489 Hannibalem
338 2427 458 2499 deserit3
480 2427 538 2510 ipse
553 2428 569 2488 l
583 2427 808 2510 Carthaginien·

125 2510 204 2570 sibus
217 2510 305 2570 redire
320 2513 350 2570 in
361 2509 488 2570 Africam
502 2512 631 2593 jubetur,
646 2529 734 2593 quam
746 2509 809 2569 Sci-

124 2592 176 2672 pio
192 2590 327 2652 vastabat.
789 2603 791 2609 ’

169 2672 260 2734 XXI.
276 2673 318 2732 Ita
332 2696 408 2733 anno
422 2672 543 2754 septimo
556 2672 668 2731 decimo
681 2670 717 2730 ab
730 2670 810 2732 Han-

125 2755 223 2814 nibale
240 2754 322 2813 Italia
339 2755 456 2814 liberata
473 2752 533 2823 cst,
553 2757 666 2834 (quam
685 2755 751 2814 flens
768 2754 810 2813 di-

126 2836 200 2897 citur
217 2833 392 2918 reliquisse).
412 2833 810 2920 LegatiCarthaginiensium
