1982 3614
129 310 188 362 nr
210 293 330 364 Vrnrs
351 310 640 368 rtrusrnrrus.
668 322 737 387 2¹9

47 413 154 476 Roma
180 417 210 473 in
233 413 347 475 Carinis
374 414 493 477 domurn
517 422 576 497 ejus
596 418 739 479 Antonius

48 496 177 556 tenebat.
190 496 287 575 Rupto
303 516 351 575 per
366 496 497 557 eumdem
509 501 668 560 Antonium
685 500 738 560 fot-

49 577 139 648 dere,
168 577 268 637 Sextus
293 577 330 635 ab
354 576 482 661 Augusto
509 600 557 661 per
578 580 738 664 Agrippam

49 659 151 719 navali
169 657 265 737 praelio
286 658 376 717 vilius
397 660 428 719 in
448 660 547 720 Asiam
566 660 597 720 fu
620 665 664 734 't,
688 663 738 722 ubi

49 740 88 799 ab
103 738 279 800 Antonianis
294 738 432 798 militibus
449 738 557 800 occisus
575 763 589 800 e
615 788 622 802 .

12 887 15 891 ,
90 818 270 879 LXXXV.
292 819 410 878 Marcus
429 818 571 881 Antonius
590 826 620 883 in
638 826 737 883 omni·
827 860 829 864 Α

51 902 105 962 bus
133 898 358 979 expeditionibus
384 900 461 959 lulio
483 899 592 962 Caesari
618 925 738 974 comes,

52 981 258 1063 Lupercalibus
279 979 409 1039 diadema
428 983 454 1040 ei
474 984 619 1063 imponere
643 1002 739 1044 tenta-

52 1066 116 1135 vit,
136 1080 250 1121 mortuo
263 1058 374 1120 divinos
392 1058 515 1122 honores
536 1063 668 1124 decrevit,
682 1066 742 1126 Au-

74 1140 172 1203 ustum
195 1138 343 1222 perfidiose
364 1142 520 1213 trattavit,
545 1140 562 1202 it
584 1164 642 1224 quo
666 1143 742 1223 apud
772 1148 776 1157 '

53 1163 206 1285 blutinam
228 1225 341 1291 vinus,
361 1222 469 1281 Perusii
495 1220 572 1283 fame
595 1223 743 1296 domitus,

7 1356 12 1363 .
55 1308 85 1364 in
104 1303 236 1365 Galliam
256 1300 338 1384 fugit.
356 1302 402 1361 Ibi
420 1302 559 1382 Lepidum
578 1305 632 1365 sibi
650 1305 741 1364 colle-

56 1406 128 1468 gam
148 1383 286 1462 adJunrit.
301 1384 418 1442 Brutum
435 1424 446 1453 ,
465 1386 588 1443 exercitu
602 1389 660 1465 ejus
673 1407 742 1445 cor-

56 1486 166 1546 rupto,
189 1463 302 1524 occidit.
326 1463 369 1522 Re
389 1465 471 1523 aratis
494 1465 600 1524 viribus
629 1465 744 1529 ltaliam

57 1541 197 1629 regreffus
227 1565 292 1603 curn
320 1485 427 1605 Ceibre
450 1547 481 1603 in
508 1547 630 1628 gratiam
650 1546 746 1614 rediit.v

57 1624 211 1687 Triumvir
235 1623 324 1685 factus
350 1623 583 1705 proscriptionem
604 1625 627 1686 a
652 1628 744 1688 Lucio

59 1705 177 1769 Caesare
201 1705 339 1767 avunculo
367 1697 418 1765 suo
445 1709 549 1786 coepit.·
567 1707 600 1767 In
629 1708 745 1788 Syriam

60 1784 158 1849 milsus
185 1786 290 1846 bellum
318 1784 428 1846 Parthis
455 1787 550 1845 intulit
568 1783 622 1859 ‚dr
643 1787 747 1868 quibus

59 1872 175 1940 sistus,
196 1870 244 1927 vix
265 1869 375 1928 tertiam
400 1885 507 1947 partem
527 1865 562 1925 de
582 1867 747 1947 quindecim

61 1949 226 2034 legionibus
236 1945 435 2032 in‘AEgyptum
447 1943 575 2027 perduxit
584 1968 595 2017 3
606 1947 648 2005 ibi
658 1947 746 2008 Cleo·

60 2052 149 2112 patrae
163 2049 260 2089 amore
273 2028 417 2090 devinctus
436 2029 465 2087 in
481 2026 600 2088 Adiaco
614 2027 694 2087 litore
708 2029 746 2087 ab

15 2122 19 2129 '
62 2108 196 2252 Auffsslo
218 2112 309 2170 vibius
336 2107 383 2168 est.
408 2109 442 2168 In
468 2107 670 2169 Alexandriam
696 2130 744 2169 re-

96 2214 112 2251 c
137 2213 191 2263 us,
210 2189 274 2249 crim
295 2188 394 2251 habitu
415 2191 494 2271 regio
513 2191 543 2248 in
567 2188 639 2250 solio
659 2191 748 2272 regali

77 2295 92 2332 e
117 2275 123 2286 '
150 2291 200 2343 et,
216 2292 315 2331 necem
335 2270 389 2330 sibi
410 2266 555 2329 conscivit.

104 2352 301 2413 LXXXVI.
326 2349 481 2430 Cleopatra
507 2350 651 2409 Ptolemaei
677 2351 751 2433 regis

64 2434 108 2496 AE
151 2434 275 2515 priorum
294 2429 373 2502 filia,
391 2429 408 2490 *a
426 2429 509 2490 fratre
529 2427 579 2490 suo
596 2430 751 2490 Ptolemaeo
782 2455 784 2459 ·

65 2537 101 2576 eo
124 2534 228 2595 emque
250 2514 353 2572 marito
371 2556 383 2580 ,
402 2531 486 2592 quem
511 2509 639 2569 fraudare
663 2529 752 2604 regno

64 2598 219 2664 voluerat,
239 2591 339 2673 pulsa,
358 2590 395 2650 ad
417 2588 561 2652 Caesarem
582 2590 658 2649 bello
676 2590 754 2649 civili

65 2679 97 2738 in
119 2673 325 2737 Alexandriam
344 2673 448 2731 venit:
470 2670 507 2730 ab
530 2690 565 2729 eo
589 2668 679 2751 specie
703 2668 753 2732 sui

66 2767 95 2819 &
111 2754 287 2825 concubitu,
306 2773 425 2837 regnum
444 2750 635 2812 Ptolemaei&
652 2760 751 2813 necem

65 2837 242 2921 impetravit.
263 2835 333 2895 Hac
356 2851 439 2894 tantae
463 2831 589 2973 bbrdmpp
611 2831 693 2929 fuit,
720 2853 751 2894 ut

609 2934 628 2992 ¹1
