2010 3616
160 248 215 299 ua
232 233 352 305 Vrrtrs
369 250 657 305 trivortinus.
689 245 750 329 165

121 349 178 410 IV.
196 351 295 411 Tullus
308 350 467 430 Hostilius,
481 354 548 434 quia
562 352 670 415 bonam
683 374 755 436 ope-

84 450 140 490 ram
150 431 295 492 adversum
301 433 423 493 Sabinos
434 455 599 506 navaverot,
609 436 671 499 Rex
682 456 758 498 crea·
847 456 853 461 ’

88 529 147 582 tus,
166 513 272 573 bellum
289 514 409 574 Albanis
427 515 549 586 indixit,
568 516 646 597 quod
665 520 756 601 trige-

90 595 223 654 minorum
242 596 392 655 certamine
405 594 505 656 finivit.
523 596 629 663 Albam
647 620 759 680 propter

89 672 225 811 perfidiam
250 675 327 736 ducis
348 677 434 736 Metii
457 676 561 735 Fufetii
585 678 677 738 diruit.
700 680 757 741 Al-

107 775 169 815 anos
179 756 306 816 Romam
324 759 438 817 transire
457 760 544 836 jussit.
561 758 680 819 Curiam
693 761 760 821 Ho-

91 832 184 903 stiliam
204 835 356 897 constituit.
383 839 517 898 Montem
540 839 666 900 Coelium
685 841 764 903 Urbi

91 915 199 978 addidit.
214 919 254 979 Et
266 918 334 978 dum
347 918 477 979 Numam·
490 920 662 999 Pompilium
677 920 763 982 sacri·

93 994 154 1065 ficiis
173 999 321 1070 imitatur,
341 1000 407 1060 Jovi
421 1000 514 1060 Elicio
534 1002 613 1060 litare
630 1024 689 1062 non
703 1025 760 1084 po-

94 1079 162 1149 tuit,
180 1078 300 1140 fulmine
315 1082 385 1140 istus
399 1102 463 1140 cum
477 1080 555 1164 regii
568 1085 764 1165 conflagravit,

128 1158 201 1220 Crim
219 1163 292 1222 inter
304 1161 451 1222 Romanos
470 1172 497 1222 &
510 1163 639 1223 Albanos
655 1165 762 1225 bellum

94 1237 176 1301 fuillet
194 1263 344 1314 exortum,
364 1241 480 1303 ducibus
496 1241 622 1302 Hostilio
641 1246 700 1304 &F
703 1245 765 1305 ufe-

96 1322 132 1383 tio
144 1367 153 1394 ,
175 1325 280 1402 placuit
295 1344 355 1383 rern
394 1345 528 1385 autorum
549 1327 700 1385 certamine
725 1325 765 1384 fi-

97 1400 157 1463 nire.
176 1405 265 1466 Erant
283 1404 358 1486 apud
374 1346 521 1465 llomanos
538 1407 683 1488 trigemini
700 1407 766 1467 Hc·

98 1485 177 1555 rarii,
196 1505 250 1546 tres
271 1485 345 1566 apud
353 1486 482 1546 Albanos
499 1486 645 1557 Curiatii3
664 1490 765 1569 quibus

100 1561 193 1624 fudere
203 1570 263 1628 iero
274 1567 519 1639 concurrentibus,
533 1566 627 1629 statim
639 1568 696 1629 duo
708 1569 768 1629 Ro·
794 1572 797 1577 ’

100 1665 239 1708 manorum
256 1648 433 1719 ceciderunt,
448 1668 502 1708 tres
514 1649 693 1709 Albanorum
706 1653 769 1711 vul-

101 1730 188 1788 nerati.
216 1731 301 1791 Unus
323 1729 459 1790 Horatius
483 1732 612 1810 quamvis
637 1733 770 1813 integer,

102 1811 161 1888 quia
175 1810 263 1871 tribus
280 1812 372 1890 impar
387 1829 445 1870 etat
457 1855 469 1879 ,
491 1808 591 1893 fugam
609 1812 771 1883 simulavit,

102 1895 126 1947 dt
149 1892 273 1974 singulos
297 1912 344 1970 pet
372 1890 542 1959 intervalla,
571 1909 602 1950 ut
624 1892 772 1951 vulnerum

104 1968 176 2031 dolor
206 1972 365 2043 oriebatur,
379 1971 555 2052 insequentes
573 1971 719 2033 interfecit.
734 1973 773 2034 Et

103 2048 160 2111 crim
179 1993 276 2113 foliis
294 2052 407 2112 onustus
425 2052 550 2124 rediret,
573 2050 696 2113 fororem
713 2054 771 2113 ob-

104 2133 173 2193 uiam
186 2075 305 2204 fabuit,
317 2155 378 2215 quae
388 2133 449 2193 viso
465 2133 665 2215 paludamento
677 2132 775 2215 sponsi
825 2135 831 2139 ’

105 2209 162 2286 sui,
182 2218 231 2295 qui
244 2236 316 2274 unus
336 2236 370 2274 ex
382 2215 519 2277 Curiatiis
534 2235 616 2285 erat,
640 2218 704 2274 flere
718 2236 776 2276 εα-

107 2295 150 2372 pit.
160 2297 253 2356 Frater
263 2318 327 2356 earn
339 2296 451 2356 occidit.
465 2296 531 2374 Qud
543 2318 571 2356 re
582 2296 657 2376 apud
667 2297 779 2356 Duum·

108 2377 174 2437 viros
189 2377 414 2449 condemnatus,
431 2377 507 2457 apud
520 2379 657 2457 populum
675 2397 780 2455 provo·

109 2459 194 2530 tavit,
212 2460 263 2519 ubi
281 2460 365 2539 patris
382 2459 512 2537 lacrymis
533 2457 728 2526 condonatus,
743 2458 780 2516 ab

110 2546 142 2594 eo'
163 2538 294 2620 expiandi
319 2538 410 2624 gratini
435 2538 486 2598 sub
511 2538 635 2620 tigillum
662 2537 780 2610 misius,

110 2619 182 2697 quod
198 2643 273 2681 nunc
293 2642 407 2702 quoque
429 2621 481 2680 viat
504 2617 713 2697 suppositum,
731 2618 784 2680 So-

111 2717 208 2761 tonum
226 2702 388 2784 appellatur.

147 2782 252 2849 Metius
272 2781 398 2845 Fufetius
420 2781 476 2843 dux
491 2781 669 2846 Albanorum
682 2829 695 2854 .
719 2781 784 2846 crim
