2056 3628
257 267 305 332 24
426 244 739 315 Eurnoer'r

257 362 449 443 Campaniam
478 362 661 444 depopuiatus
688 361 757 432 ests
788 379 872 444 atque
897 358 935 424 ad
1019 410 1020 441 p

254 440 389 508 Praeneste
409 443 511 514 venit,
538 445 671 507 milliario
691 443 728 504 ab
743 444 824 505 Urbe
848 447 933 504 odia-
1012 470 1020 523 ‚p

255 523 425 585 andecimo.
456 525 530 584 Mox
557 544 658 585 terrore
690 523 853 596 exercitiis,
882 527 934 607 qui

255 626 320 664 curn
340 603 466 666 Consule
483 604 671 686 sequebatur,
690 607 720 665 in
737 605 934 687 Campaniam

254 683 284 745 se
308 687 420 767 recepit.
444 687 547 769 Legati
563 686 609 780 'ad
630 684 767 767 Pyrrhum
789 686 826 747 de
851 688 939 747 redi⁴

253 767 364 827 mendis
390 769 507 847 captivis
530 769 630 838 missi,
655 767 691 827 ab
718 787 753 827 eo
776 765 934 828 honorifice

251 844 374 927 ‚suscepti
390 846 452 909 sunt
467 871 474 904 ε
489 849 614 927 captivos
629 849 690 912 sine
706 850 794 928 pretio
805 849 934 910 Romam

252 930 339 988 misit.
362 929 463 988 Unum
485 949 520 988 ex
542 928 642 1011 legatis
659 928 856 989 Romanorum
878 931 933 991 Fa·

252 1008 371 1069 bricium
391 1011 430 1070 sic
448 1008 600 1069 admiratus
622 1007 660 1067 est
673 1029 757 1081 sut,
775 1008 845 1070 'crim
865 1032 934 1073 eum

251 1109 401 1172 pauperem
425 1086 478 1149 effe
493 1087 705 1174 cognovisse,
730 1090 829 1171 quarti
853 1111 933 1172 parte

251 1174 333 1254 tegni
346 1170 505 1252 promised„
519 1169 670 1233 sollicitare
687 1173 828 1244 voluerit,
845 1192 875 1232 nt
892 1173 932 1234 ad

250 1250 280 1314 se
295 1254 442 1324 transiter3
459 1250 690 1334 contemptusque
705 1250 721 1311 ‘a
736 1253 865 1314 Fabricio
880 1253 931 1317 est.

250 1334 347 1414 Quare
369 1332 432 1394 crim
455 1331 575 1414 Pyrrhus
600 1335 710 1416 ingenti
731 1333 931 1395 Romanorum

250 1414 438 1475 admiratione
452 1432 608 1485 teneretur,
626 1416 760 1497 legatum
768 1417 863 1486 misit,
878 1419 932 1498 qui

249 1515 350 1575 pacem
367 1497 453 1575 aequis
469 1495 678 1555 conditionibus
696 1514 820 1574 peteret,
834 1499 931 1576 praci-

249 1595 337 1655 puum
350 1577 463 1652 virum,
480 1574 603 1639 Cineam
617 1577 733 1634 nomine
744 1600 753 1639 s
766 1579 806 1637 ita
821 1597 851 1636 ur
863 1579 933 1659 Pyr·

248 1653 315 1716 rhus
334 1676 439 1738 partem
456 1655 564 1727 Italiae,
586 1677 673 1741 quarn
690 1660 750 1736 jam
772 1661 857 1722 armis
880 1681 932 1719 oc-

247 1756 419 1816 cupaverat,
440 1736 587 1797 obtineret.

288 1818 385 1885 XIII,
407 1819 465 1878 Pax
485 1816 651 1899 displicuit3
675 1819 929 1904 remandatumque

246 1898 387 1980 Pyrrhuis
405 1899 510 1961 Senatu
524 1898 582 1971 est,
602 1900 667 1962 etim
683 1923 748 1962 cum
761 1902 900 1964 Romanis
913 1947 927 1974 ,

246 1983 302 2041 nisi
328 2002 362 2045 ex
386 1980 469 2041 Iraiid
493 1978 640 2042 recessiss'et
656 2029 669 2053 ,
700 2003 798 2062 pacem
822 1983 928 2044 habere

246 2083 307 2122 non
332 2059 415 2141 poffe.
434 2061 512 2121 Tum
534 2060 659 2123 Romani
678 2060 810 2143 jusserunt
830 2067 926 2146 capti-

246 2161 298 2203 vos
318 2163 438 2213 omnes,
459 2162 529 2223 quos
546 2142 574 2203 Ρ.
589 2141 666 2203 rrhus
681 2144 862 2218 reddiderat,
884 2148 930 2206 in-

243 2221 336 2283 fames
354 2219 474 2292 haberi,
500 2165 587 2303 qudi
606 2227 707 2286 armati
733 2246 765 2287 ca
784 2228 796 2287 i
818 2225 930 2308 potuis-

242 2301 307 2382 ¹sent
325 2327 332 2362 t
349 2324 401 2363 nec
420 2305 485 2366 ante
503 2324 551 2364 eos
569 2304 605 2366 ad
625 2326 748 2369 veterem
807 2326 867 2368 tum
885 2330 928 2368 re-

244 2387 338 2456 verti,
358 2382 445 2466 quarn
470 2387 493 2445 si
511 2385 644 2452 binorum
668 2385 791 2449 hostium
816 2387 929 2449 occiso·

245 2486 308 2545 tum
335 2464 425 2546 spolia
445 2463 603 2529 retuliffcnt.
632 2467 676 2528 Ita
697 2468 804 2551 legatus
824 2468 927 2550 Pyrrhi

244 2546 367 2608 reversus
382 2545 441 2620 est,
460 2545 476 2609 xa
494 2568 552 2629 quo
565 2547 629 2611 crim
645 2571 776 2631 quaereret
785 2549 927 2631 Pyrrhus,

243 2630 350 2705 qualem
365 2629 482 2689 Romam
500 2628 683 2704 comperrffet,
704 2631 810 2692 Cineas
828 2631 926 2704 dixit,

245 2731 334 2787 regum
343 2709 375 2787 fr
384 2712 507 2784 patriam
523 2709 619 2785 vidiffe
634 2711 763 2789 :scilicet
778 2714 848 2775 tales
865 2713 928 2772 ilde

236 2790 299 2870 scr)
325 2813 449 2865 omnes,
480 2791 572 2868 qualis
600 2814 670 2854 unus
700 2792 836 2934 Pyrrlucp3
855 2797 932 2888 apud

832 2896 929 2950 parum
