2056 3628
301 170 485 323 [tuan
535 224 601 301 rt
745 248 789 320 29

35 363 42 372 “
105 350 343 413 confutantum
364 360 392 411 δι
418 363 538 433 quatuor
562 362 647 412 naves
668 347 793 427 hostium

105 434 259 504 demersit,
277 434 393 516 triginta
407 453 472 492 cum
486 432 687 516 pugnatoribus
700 435 790 512 cepit3

105 515 272 596 quindecIm
305 514 395 573 millia
426 511 549 573 hostium
576 530 624 572 aut
656 514 791 586 occidit,

104 614 155 655 aut
184 597 258 676 cepit
270 617 280 665 3
304 595 426 654 militem
453 593 534 654 suurn
563 596 671 693 ingenti
700 592 792 674 pradai

105 677 239 736 ditavit:
262 684 290 735 &
317 674 432 735 subatsta
455 674 554 735 Africa
581 694 641 734 tum
668 673 759 736 fuisset
778 719 791 746 ,

106 759 163 817 nisi
179 753 261 837 qudd
279 773 358 832 tanta
375 755 465 815 sames
482 775 561 826 erat,
583 775 614 815 ut
629 755 730 816 diutitls
748 777 794 816 ex-

106 841 220 919 pediere
233 838 367 896 exercitus
385 859 444 896 non
458 834 553 917 pollet.
574 836 714 898 Consules
728 858 793 896 cum

106 920 219 979 victrici
251 913 333 977 classe
363 917 531 989 redeuntes,
563 920 636 978 circa
665 918 793 978 Siciliam

106 997 292 1081 naufragium
310 1001 384 1078 passi
402 997 465 1058 sunt
480 1023 487 1055 t
505 1008 531 1058 δι
549 1018 628 1059 tanta
646 997 794 1079 tempestas

107 1079 186 1149 fuit,
203 1097 235 1139 ut
246 1098 279 1138 ex
292 1078 504 1162 quadringentis
517 1076 662 1162 sexaginta
674 1096 795 1159 quatuor

106 1161 230 1221 navibus
250 1207 261 1230 ,
283 1162 430 1243 odroginta
451 1158 553 1220 servati
572 1162 620 1220 vit
644 1161 795 1240 potuerint.

107 1242 214 1323 Neque
235 1241 293 1299 ullo
315 1260 371 1300 tem
391 1262 440 1301 ore
457 1259 537 1301 tanta
560 1242 702 1300 maritima
721 1259 796 1299 tem·

106 1320 202 1404 pestas
228 1320 324 1382 audita
390 1369 397 1382 .
425 1322 553 1395 Romani
576 1342 672 1381 tamen
700 1319 795 1382 statim

107 1403 246 1463 ducentas
262 1420 346 1463 naves
360 1422 578 1484 reparaverunt,
597 1423 688 1486 neque
701 1404 732 1463 in
746 1404 796 1464 ali·
819 1478 822 1486 Ι

107 1505 171 1566 quo
188 1485 298 1544 animus
319 1481 364 1544 his
377 1483 511 1544 instastus
528 1483 590 1543 suit.

152 1564 265 1624 XXIII.
288 1563 392 1626 Cnaeus
409 1566 548 1631 Servilius,
561 1565 686 1645 Capio,
711 1574 738 1626 &
756 1563 794 1627 C.

108 1646 297 1726 Sempronius
312 1645 414 1706 Blaesus
431 1645 570 1708 Consules
587 1667 651 1705 cunt
671 1646 799 1706 ducentis

108 1725 261 1810 sexaginta
295 1729 414 1788 navibus
448 1727 485 1788 ad
515 1726 645 1809 Africam
677 1727 798 1807 profesti

108 1806 178 1869 sunt
199 1831 206 1864 ε
224 1805 335 1888 aliquot
351 1809 477 1868 cititates
498 1826 628 1887 ceperunt
648 1826 656 1864 t
674 1806 798 1886 predam

108 1892 261 1971 ingentem
287 1889 447 1948 reducentes
472 1920 481 1959 ,
513 1887 694 1971 naufragium
724 1887 808 1969 passi

108 1968 186 2030 sunt.
204 1970 306 2051 ltaque
322 1969 385 2030 etim
399 1970 538 2030 continuat
554 1970 727 2029 calamitates
740 1969 800 2030 Ro-

107 2054 208 2112 manis
236 2049 437 2131 displicerent,
460 2051 583 2111 decrevit
602 2051 744 2122 Senatus,
768 2069 800 2111 ut

107 2130 128 2192 lt
150 2132 302 2192 maritimIs
319 2134 419 2212 praeliis
433 2131 622 2203 recederetur,
644 2141 671 2192 &
687 2130 798 2191 tannim

109 2211 263 2296 sexaginta
281 2234 367 2274 naves
383 2213 419 2273 ad
438 2213 596 2293 praesidium
609 2213 698 2273 Italiae
715 2211 799 2274 salvat

109 2289 210 2354 essent.

111 2390 114 2393 “
153 2374 286 2435 XXIV„
309 2375 405 2434 Lucio·
418 2374 537 2436 Caecilio
557 2376 700 2446 Metello,
721 2375 799 2436 Caio

106 2456 199 2515 Furio
218 2456 327 2517 Pacillo
344 2455 540 2528 Consulibus,
561 2457 694 2516 Metellus
709 2456 739 2513 in
754 2455 801 2514 si-

108 2535 183 2596 eilia
195 2535 333 2597 Afrorum
351 2537 478 2611 ducem,
499 2558 563 2597 cum
578 2555 690 2595 centum
704 2543 732 2594 &
750 2535 801 2594 tri—

110 2619 197 2701 gInta
215 2615 373 2699 elephantis
394 2628 421 2678 &
437 2618 550 2712 mag'nis
572 2617 660 2697 copiis
678 2617 798 2677 venien·

108 2718 194 2770 tem,
209 2697 241 2759 su
261 2701 374 2768 e'ravit,
392 2694 494 2781 viginti
509 2698 599 2758 millia
621 2695 743 2757 hostium
758 2719 802 2755 ce·

106 2780 209 2852 cidit,
231 2720 281 2841 sex
292 2781 442 2863 &viginti
459 2778 630 2920 elephanto}
644 2781 738 2859 cepit,
756 2799 800 2837 re-

651 2881 682 2941 ¹¹}
