<?xml version="1.0" encoding="UTF-8"?>
<!DOCTYPE html PUBLIC "-//W3C//DTD XHTML 1.0 Transitional//EN"
    "http://www.w3.org/TR/xhtml1/DTD/xhtml1-transitional.dtd">
<html xmlns="http://www.w3.org/1999/xhtml" xml:lang="en" lang="en">
 <head>
  <title>
</title>
<meta http-equiv="Content-Type" content="text/html;charset=utf-8" />
  <meta name='ocr-system' content='tesseract 3.04.00' />
  <meta name='ocr-capabilities' content='ocr_page ocr_carea ocr_par ocr_line ocrx_word'/>
</head>
<body>
  <div class='ocr_page' id='page_1' title='image "./eutropiisextaur01victgoog_0096.png"; bbox 0 0 2056 3628; ppageno 0'>
   <div class='ocr_carea' id='block_1_1' title="bbox 136 224 828 987">
    <p class='ocr_par' dir='ltr' id='par_1_1' title="bbox 136 224 828 758">
     <span class='ocr_line' id='line_1_1' title="bbox 312 224 820 319; baseline -0.004 -18"><span class='ocrx_word' id='word_1_1' title='bbox 312 224 651 301; x_wconf 51' lang='lat' dir='ltr'>timavi-rr</span> <span class='ocrx_word' id='word_1_2' title='bbox 707 314 709 319; x_wconf 6' lang='grc' dir='ltr'><em>Α</em></span> <span class='ocrx_word' id='word_1_3' title='bbox 780 227 820 300; x_wconf 71' lang='lat'>81</span> 
     </span>
     <span class='ocr_line' id='line_1_2' title="bbox 136 345 825 434; baseline 0.001 -21"><span class='ocrx_word' id='word_1_4' title='bbox 136 349 364 433; x_wconf 73' lang='lat' dir='ltr'>triumphantem</span> <span class='ocrx_word' id='word_1_5' title='bbox 384 350 443 434; x_wconf 86' lang='lat' dir='ltr'>ipse</span> <span class='ocrx_word' id='word_1_6' title='bbox 459 348 689 433; x_wconf 71' lang='lat' dir='ltr'>prosequeretur,</span> <span class='ocrx_word' id='word_1_7' title='bbox 709 345 825 414; x_wconf 58' lang='lat' dir='ltr'>&amp;eone</span> 
     </span>
     <span class='ocr_line' id='line_1_3' title="bbox 138 431 827 495; baseline -0.001 0"><span class='ocrx_word' id='word_1_8' title='bbox 138 433 296 495; x_wconf 87' lang='lat' dir='ltr'>scendenti·</span> <span class='ocrx_word' id='word_1_9' title='bbox 310 433 355 495; x_wconf 88' lang='lat' dir='ltr'>Ca</span> <span class='ocrx_word' id='word_1_10' title='bbox 376 434 489 493; x_wconf 88' lang='lat' dir='ltr'>itolium&#39;</span> <span class='ocrx_word' id='word_1_11' title='bbox 510 434 596 494; x_wconf 76' lang='lat' dir='ltr'>levus</span> <span class='ocrx_word' id='word_1_12' title='bbox 619 431 768 494; x_wconf 85' lang='lat' dir='ltr'>incederet.</span> <span class='ocrx_word' id='word_1_13' title='bbox 797 434 827 494; x_wconf 83' lang='lat' dir='ltr'>Is</span> 
     </span>
     <span class='ocr_line' id='line_1_4' title="bbox 138 454 828 597; baseline 0.001 -23"><span class='ocrx_word' id='word_1_14' title='bbox 138 517 214 575; x_wconf 82' lang='lat' dir='ltr'>vixit</span> <span class='ocrx_word' id='word_1_15' title='bbox 233 522 324 575; x_wconf 85' lang='lat' dir='ltr'>annos</span> <span class='ocrx_word' id='word_1_16' title='bbox 345 454 490 597; x_wconf 64' lang='lat' dir='ltr'>lixaginta</span> <span class='ocrx_word' id='word_1_17' title='bbox 510 532 653 595; x_wconf 88' lang='lat' dir='ltr'>quatuor,</span> <span class='ocrx_word' id='word_1_18' title='bbox 677 516 719 591; x_wconf 86' lang='lat' dir='ltr'>im</span> <span class='ocrx_word' id='word_1_19' title='bbox 739 517 828 575; x_wconf 83' lang='lat' dir='ltr'>eravit</span> 
     </span>
     <span class='ocr_line' id='line_1_5' title="bbox 138 536 826 678; baseline 0 -22"><span class='ocrx_word' id='word_1_20' title='bbox 138 595 392 678; x_wconf 81' lang='lat' dir='ltr'>quamordecim3</span> <span class='ocrx_word' id='word_1_21' title='bbox 417 593 480 676; x_wconf 89' lang='lat' dir='ltr'>post</span> <span class='ocrx_word' id='word_1_22' title='bbox 505 614 626 658; x_wconf 89' lang='lat' dir='ltr'>mortem</span> <span class='ocrx_word' id='word_1_23' title='bbox 651 536 826 658; x_wconf 64' lang='lat' dir='ltr'>conlimatur</span> 
     </span>
     <span class='ocr_line' id='line_1_6' title="bbox 139 673 618 758; baseline 0.002 -22"><span class='ocrx_word' id='word_1_24' title='bbox 139 675 206 748; x_wconf 86' lang='lat' dir='ltr'>est,</span> <span class='ocrx_word' id='word_1_25' title='bbox 225 673 374 758; x_wconf 86' lang='lat' dir='ltr'>Divusque</span> <span class='ocrx_word' id='word_1_26' title='bbox 394 675 557 756; x_wconf 84' lang='lat' dir='ltr'>appellatus.</span> <span class='ocrx_word' id='word_1_27' title='bbox 614 707 618 718; x_wconf 82' lang='lat'><strong>·</strong></span> 
     </span>
    </p>

    <p class='ocr_par' dir='ltr' id='par_1_2' title="bbox 139 754 827 987">
     <span class='ocr_line' id='line_1_7' title="bbox 184 754 825 841; baseline 0.005 -24"><span class='ocrx_word' id='word_1_28' title='bbox 184 757 281 817; x_wconf 89' lang='lat' dir='ltr'>XIV.</span> <span class='ocrx_word' id='word_1_29' title='bbox 302 758 446 825; x_wconf 77' lang='lat' dir='ltr'>Successit</span> <span class='ocrx_word' id='word_1_30' title='bbox 466 754 531 816; x_wconf 88' lang='lat' dir='ltr'>huic</span> <span class='ocrx_word' id='word_1_31' title='bbox 551 754 656 828; x_wconf 86' lang='lat' dir='ltr'>Nero,</span> <span class='ocrx_word' id='word_1_32' title='bbox 683 756 825 841; x_wconf 81' lang='lat' dir='ltr'>Caligulae</span> 
     </span>
     <span class='ocr_line' id='line_1_8' title="bbox 139 835 825 919; baseline 0 -19"><span class='ocrx_word' id='word_1_33' title='bbox 139 839 286 900; x_wconf 79' lang='lat' dir='ltr'>avunculo</span> <span class='ocrx_word' id='word_1_34' title='bbox 305 835 362 901; x_wconf 59' lang='lat' dir='ltr'>&gt;suo</span> <span class='ocrx_word' id='word_1_35' title='bbox 388 838 571 909; x_wconf 85' lang='lat' dir='ltr'>simillimus,</span> <span class='ocrx_word' id='word_1_36' title='bbox 618 840 650 897; x_wconf 87' lang='lat' dir='ltr'>ui</span> <span class='ocrx_word' id='word_1_37' title='bbox 676 839 825 919; x_wconf 86' lang='lat' dir='ltr'>imperium</span> 
     </span>
     <span class='ocr_line' id='line_1_9' title="bbox 139 859 827 987; baseline 0.003 -5"><span class='ocrx_word' id='word_1_38' title='bbox 139 920 312 982; x_wconf 86' lang='lat' dir='ltr'>Romanum</span> <span class='ocrx_word' id='word_1_39' title='bbox 323 928 352 980; x_wconf 91' lang='lat'>&amp;</span> <span class='ocrx_word' id='word_1_40' title='bbox 368 918 578 987; x_wconf 83' lang='lat' dir='ltr'>deformavit&amp;</span> <span class='ocrx_word' id='word_1_41' title='bbox 595 859 750 980; x_wconf 72' lang='lat' dir='ltr'>diminuit:</span> <span class='ocrx_word' id='word_1_42' title='bbox 765 922 827 984; x_wconf 88' lang='lat' dir='ltr'>inu·</span> 
     </span>
    </p>
   </div>
   <div class='ocr_carea' id='block_1_2' title="bbox 138 998 825 1140">
    <p class='ocr_par' dir='ltr' id='par_1_3' title="bbox 138 998 825 1140">
     <span class='ocr_line' id='line_1_10' title="bbox 138 998 825 1140; baseline -0.001 -79"><span class='ocrx_word' id='word_1_43' title='bbox 138 1003 236 1062; x_wconf 75' lang='lat' dir='ltr'>situtae</span> <span class='ocrx_word' id='word_1_44' title='bbox 264 1000 406 1071; x_wconf 83' lang='lat' dir='ltr'>luxuriat,</span> <span class='ocrx_word' id='word_1_45' title='bbox 438 998 500 1060; x_wconf 90' lang='lat' dir='ltr'>sum</span> <span class='ocrx_word' id='word_1_46' title='bbox 520 1018 655 1140; x_wconf 60' lang='lat' dir='ltr'>tuumtplue</span> <span class='ocrx_word' id='word_1_47' title='bbox 675 1047 688 1072; x_wconf 90' lang='lat'>,</span> <span class='ocrx_word' id='word_1_48' title='bbox 714 1003 825 1083; x_wconf 90' lang='lat' dir='ltr'>utqui,</span> 
     </span>
    </p>
   </div>
   <div class='ocr_carea' id='block_1_3' title="bbox 65 1080 901 2545">
    <p class='ocr_par' dir='ltr' id='par_1_4' title="bbox 65 1080 901 2545">
     <span class='ocr_line' id='line_1_11' title="bbox 140 1080 826 1222; baseline 0.003 -82"><span class='ocrx_word' id='word_1_49' title='bbox 140 1083 279 1222; x_wconf 47' lang='lat' dir='ltr'>2¹⁸mifl0</span> <span class='ocrx_word' id='word_1_50' title='bbox 297 1081 366 1142; x_wconf 84' lang='lat' dir='ltr'>Caii</span> <span class='ocrx_word' id='word_1_51' title='bbox 390 1081 457 1143; x_wconf 90' lang='lat' dir='ltr'>Cali</span> <span class='ocrx_word' id='word_1_52' title='bbox 545 1101 605 1153; x_wconf 90' lang='lat' dir='ltr'>,ca</span> <span class='ocrx_word' id='word_1_53' title='bbox 619 1080 671 1141; x_wconf 87' lang='lat' dir='ltr'>&#39;dis</span> <span class='ocrx_word' id='word_1_54' title='bbox 690 1089 718 1141; x_wconf 88' lang='lat'>&amp;</span> <span class='ocrx_word' id='word_1_55' title='bbox 738 1081 826 1166; x_wconf 84' lang='lat' dir='ltr'>frigi-</span> 
     </span>
     <span class='ocr_line' id='line_1_12' title="bbox 140 1161 827 1233; baseline 0.003 -10"><span class='ocrx_word' id='word_1_56' title='bbox 140 1163 190 1223; x_wconf 86' lang='lat' dir='ltr'>dis</span> <span class='ocrx_word' id='word_1_57' title='bbox 211 1177 246 1221; x_wconf 75' lang='grc' dir='ltr'>ὀ</span> <span class='ocrx_word' id='word_1_58' title='bbox 273 1161 378 1224; x_wconf 82' lang='lat' dir='ltr'>lavaret</span> <span class='ocrx_word' id='word_1_59' title='bbox 404 1184 442 1223; x_wconf 89' lang='lat' dir='ltr'>un</span> <span class='ocrx_word' id='word_1_60' title='bbox 464 1163 576 1233; x_wconf 90' lang='lat' dir='ltr'>uentis,</span> <span class='ocrx_word' id='word_1_61' title='bbox 603 1162 708 1222; x_wconf 87' lang='lat' dir='ltr'>retibus</span> <span class='ocrx_word' id='word_1_62' title='bbox 738 1165 827 1225; x_wconf 82' lang='lat' dir='ltr'>aureis</span> 
     </span>
     <span class='ocr_line' id='line_1_13' title="bbox 162 1183 825 1326; baseline -0.002 -22"><span class='ocrx_word' id='word_1_63' title='bbox 162 1241 318 1316; x_wconf 84' lang='lat' dir='ltr'>iscarenu,</span> <span class='ocrx_word' id='word_1_64' title='bbox 341 1263 403 1326; x_wconf 79' lang='lat' dir='ltr'>quae</span> <span class='ocrx_word' id='word_1_65' title='bbox 423 1183 542 1304; x_wconf 68' lang='lat' dir='ltr'>blitteis·</span> <span class='ocrx_word' id='word_1_66' title='bbox 556 1242 677 1311; x_wconf 72' lang='lat' dir='ltr'>funibusv</span> <span class='ocrx_word' id='word_1_67' title='bbox 694 1241 825 1304; x_wconf 81' lang='lat' dir='ltr'>extrahe·</span> 
     </span>
     <span class='ocr_line' id='line_1_14' title="bbox 138 1263 825 1406; baseline 0.001 -22"><span class='ocrx_word' id='word_1_68' title='bbox 138 1263 208 1384; x_wconf 54' lang='grc' dir='ltr'>ζεῖ.</span> <span class='ocrx_word' id='word_1_69' title='bbox 232 1321 377 1385; x_wconf 81' lang='lat' dir='ltr'>lnfinitam</span> <span class='ocrx_word' id='word_1_70' title='bbox 395 1332 503 1406; x_wconf 79' lang='lat' dir='ltr'>partem¹</span> <span class='ocrx_word' id='word_1_71' title='bbox 522 1322 639 1387; x_wconf 82' lang='lat' dir='ltr'>Senattis</span> <span class='ocrx_word' id='word_1_72' title='bbox 661 1322 825 1398; x_wconf 81' lang='lat' dir='ltr'>interfecit5</span> 
     </span>
     <span class='ocr_line' id='line_1_15' title="bbox 143 1402 827 1485; baseline 0.001 -19"><span class='ocrx_word' id='word_1_73' title='bbox 143 1406 233 1466; x_wconf 86' lang='lat' dir='ltr'>bonis</span> <span class='ocrx_word' id='word_1_74' title='bbox 253 1406 387 1466; x_wconf 88' lang='lat' dir='ltr'>omnibus</span> <span class='ocrx_word' id='word_1_75' title='bbox 405 1403 492 1466; x_wconf 84' lang='lat' dir='ltr'>hostis</span> <span class='ocrx_word' id='word_1_76' title='bbox 511 1402 586 1464; x_wconf 85' lang='lat' dir='ltr'>fuit:</span> <span class='ocrx_word' id='word_1_77' title='bbox 602 1405 640 1465; x_wconf 87' lang='lat' dir='ltr'>ad</span> <span class='ocrx_word' id='word_1_78' title='bbox 656 1403 827 1485; x_wconf 87' lang='lat' dir='ltr'>postremum</span> 
     </span>
     <span class='ocr_line' id='line_1_16' title="bbox 144 1484 828 1568; baseline 0.006 -22"><span class='ocrx_word' id='word_1_79' title='bbox 144 1485 176 1547; x_wconf 86' lang='lat' dir='ltr'>se</span> <span class='ocrx_word' id='word_1_80' title='bbox 192 1505 271 1546; x_wconf 86' lang='lat' dir='ltr'>tanto</span> <span class='ocrx_word' id='word_1_81' title='bbox 290 1485 426 1546; x_wconf 86' lang='lat' dir='ltr'>dedecore</span> <span class='ocrx_word' id='word_1_82' title='bbox 442 1484 603 1568; x_wconf 84' lang='lat' dir='ltr'>prostituit,</span> <span class='ocrx_word' id='word_1_83' title='bbox 624 1506 654 1547; x_wconf 88' lang='lat' dir='ltr'>ut</span> <span class='ocrx_word' id='word_1_84' title='bbox 674 1484 828 1550; x_wconf 87' lang='lat' dir='ltr'>saltaret&amp;</span> 
     </span>
     <span class='ocr_line' id='line_1_17' title="bbox 113 1565 901 1647; baseline 0.004 -20"><span class='ocrx_word' id='word_1_85' title='bbox 113 1591 118 1597; x_wconf 92' lang='lat'><strong>·</strong></span> <span class='ocrx_word' id='word_1_86' title='bbox 144 1587 274 1628; x_wconf 81' lang='lat' dir='ltr'>cantaret</span> <span class='ocrx_word' id='word_1_87' title='bbox 292 1569 323 1627; x_wconf 90' lang='lat' dir='ltr'>in</span> <span class='ocrx_word' id='word_1_88' title='bbox 341 1565 423 1628; x_wconf 74' lang='lat' dir='ltr'>sceui</span> <span class='ocrx_word' id='word_1_89' title='bbox 436 1614 448 1640; x_wconf 92' lang='lat'>,</span> <span class='ocrx_word' id='word_1_90' title='bbox 463 1565 645 1647; x_wconf 69' lang='lat' dir='ltr'>citharoedico</span> <span class='ocrx_word' id='word_1_91' title='bbox 664 1565 763 1630; x_wconf 84' lang='lat' dir='ltr'>habitu</span> <span class='ocrx_word' id='word_1_92' title='bbox 783 1570 829 1640; x_wconf 86' lang='lat' dir='ltr'>vel</span> <span class='ocrx_word' id='word_1_93' title='bbox 897 1619 901 1629; x_wconf 81' lang='grc'><em>,</em></span> 
     </span>
     <span class='ocr_line' id='line_1_18' title="bbox 143 1648 827 1732; baseline 0.003 -24"><span class='ocrx_word' id='word_1_94' title='bbox 143 1651 259 1732; x_wconf 84' lang='lat' dir='ltr'>tragico</span> <span class='ocrx_word' id='word_1_95' title='bbox 277 1673 284 1706; x_wconf 76' lang='grc' dir='ltr'><strong><em>ι</em></strong></span> <span class='ocrx_word' id='word_1_96' title='bbox 302 1648 449 1729; x_wconf 81' lang='lat' dir='ltr'>parricidia</span> <span class='ocrx_word' id='word_1_97' title='bbox 468 1650 558 1710; x_wconf 86' lang='lat' dir='ltr'>multa</span> <span class='ocrx_word' id='word_1_98' title='bbox 575 1650 742 1722; x_wconf 86' lang='lat' dir='ltr'>commisit,</span> <span class='ocrx_word' id='word_1_99' title='bbox 764 1648 827 1710; x_wconf 84' lang='lat' dir='ltr'>fra-</span> 
     </span>
     <span class='ocr_line' id='line_1_19' title="bbox 144 1729 829 1802; baseline 0.001 -13"><span class='ocrx_word' id='word_1_100' title='bbox 144 1750 210 1800; x_wconf 90' lang='lat' dir='ltr'>tte,</span> <span class='ocrx_word' id='word_1_101' title='bbox 229 1740 336 1802; x_wconf 84' lang='lat' dir='ltr'>uxore,</span> <span class='ocrx_word' id='word_1_102' title='bbox 354 1741 443 1790; x_wconf 86' lang='lat' dir='ltr'>ma&#39;tre</span> <span class='ocrx_word' id='word_1_103' title='bbox 460 1729 611 1791; x_wconf 65' lang='lat' dir='ltr'>intersedit</span> <span class='ocrx_word' id='word_1_104' title='bbox 627 1730 749 1792; x_wconf 83' lang='lat' dir='ltr'>:urbem</span> <span class='ocrx_word' id='word_1_105' title='bbox 769 1730 829 1793; x_wconf 84' lang='lat' dir='ltr'>llo-</span> 
     </span>
     <span class='ocr_line' id='line_1_20' title="bbox 139 1809 827 1895; baseline 0.001 -25"><span class='ocrx_word' id='word_1_106' title='bbox 139 1830 230 1872; x_wconf 79' lang='lat' dir='ltr'>unam</span> <span class='ocrx_word' id='word_1_107' title='bbox 246 1810 396 1882; x_wconf 82' lang='lat' dir='ltr'>incendit,</span> <span class='ocrx_word' id='word_1_108' title='bbox 418 1831 449 1872; x_wconf 92' lang='lat' dir='ltr'>ut</span> <span class='ocrx_word' id='word_1_109' title='bbox 468 1809 618 1892; x_wconf 68' lang='lat' dir='ltr'>spectaculi</span> <span class='ocrx_word' id='word_1_110' title='bbox 639 1815 698 1871; x_wconf 83' lang='lat' dir='ltr'>e&#39;ut</span> <span class='ocrx_word' id='word_1_111' title='bbox 715 1814 827 1895; x_wconf 82' lang='lat' dir='ltr'>imagi·</span> 
     </span>
     <span class='ocr_line' id='line_1_21' title="bbox 144 1893 829 1974; baseline -0.004 -21"><span class='ocrx_word' id='word_1_112' title='bbox 144 1912 218 1954; x_wconf 89' lang='lat' dir='ltr'>nem</span> <span class='ocrx_word' id='word_1_113' title='bbox 243 1911 393 1965; x_wconf 81' lang='lat' dir='ltr'>temeret,</span> <span class='ocrx_word' id='word_1_114' title='bbox 422 1893 501 1974; x_wconf 87' lang='lat' dir='ltr'>quali</span> <span class='ocrx_word' id='word_1_115' title='bbox 531 1893 604 1951; x_wconf 89' lang='lat' dir='ltr'>olim</span> <span class='ocrx_word' id='word_1_116' title='bbox 660 1896 724 1969; x_wconf 83' lang='lat' dir='ltr'>toja</span> <span class='ocrx_word' id='word_1_117' title='bbox 747 1912 829 1972; x_wconf 79' lang='lat' dir='ltr'>capta</span> 
     </span>
     <span class='ocr_line' id='line_1_22' title="bbox 144 1969 829 2046; baseline 0 -12"><span class='ocrx_word' id='word_1_118' title='bbox 144 1971 262 2034; x_wconf 84' lang='lat' dir='ltr'>arserat.</span> <span class='ocrx_word' id='word_1_119' title='bbox 281 1972 315 2034; x_wconf 93' lang='lat' dir='ltr'>ln</span> <span class='ocrx_word' id='word_1_120' title='bbox 331 1993 360 2033; x_wconf 85' lang='lat' dir='ltr'>re</span> <span class='ocrx_word' id='word_1_121' title='bbox 374 1973 491 2035; x_wconf 89' lang='lat' dir='ltr'>militari</span> <span class='ocrx_word' id='word_1_122' title='bbox 502 1969 577 2032; x_wconf 90' lang='lat' dir='ltr'>nihil</span> <span class='ocrx_word' id='word_1_123' title='bbox 588 1969 710 2043; x_wconf 70' lang='lat' dir='ltr'>omnino</span> <span class='ocrx_word' id='word_1_124' title='bbox 727 1969 829 2046; x_wconf 75' lang='lat' dir='ltr'>ausus,</span> 
     </span>
     <span class='ocr_line' id='line_1_23' title="bbox 143 2050 830 2136; baseline 0.001 -21"><span class='ocrx_word' id='word_1_125' title='bbox 143 2053 325 2115; x_wconf 73' lang='lat' dir='ltr'>Britanniam</span> <span class='ocrx_word' id='word_1_126' title='bbox 339 2053 411 2136; x_wconf 71' lang='lat' dir='ltr'>pene</span> <span class='ocrx_word' id='word_1_127' title='bbox 427 2054 532 2116; x_wconf 85' lang='lat' dir='ltr'>amisit.</span> <span class='ocrx_word' id='word_1_128' title='bbox 545 2052 624 2114; x_wconf 82' lang='lat' dir='ltr'>Nam</span> <span class='ocrx_word' id='word_1_129' title='bbox 638 2052 694 2113; x_wconf 88' lang='lat' dir='ltr'>duo</span> <span class='ocrx_word' id='word_1_130' title='bbox 708 2050 760 2115; x_wconf 86' lang='lat' dir='ltr'>sub</span> <span class='ocrx_word' id='word_1_131' title='bbox 773 2051 830 2116; x_wconf 87' lang='lat' dir='ltr'>hoc</span> 
     </span>
     <span class='ocr_line' id='line_1_24' title="bbox 143 2134 831 2218; baseline 0 -21"><span class='ocrx_word' id='word_1_132' title='bbox 143 2135 330 2197; x_wconf 83' lang='lat' dir='ltr'>nobilissima</span> <span class='ocrx_word' id='word_1_133' title='bbox 346 2135 452 2218; x_wconf 90' lang='lat' dir='ltr'>oppida</span> <span class='ocrx_word' id='word_1_134' title='bbox 467 2158 499 2196; x_wconf 88' lang='lat' dir='ltr'>ca</span> <span class='ocrx_word' id='word_1_135' title='bbox 519 2155 548 2197; x_wconf 79' lang='lat' dir='ltr'>ta</span> <span class='ocrx_word' id='word_1_136' title='bbox 563 2134 621 2195; x_wconf 90' lang='lat' dir='ltr'>illic</span> <span class='ocrx_word' id='word_1_137' title='bbox 637 2154 720 2218; x_wconf 88' lang='lat' dir='ltr'>atque</span> <span class='ocrx_word' id='word_1_138' title='bbox 735 2135 831 2197; x_wconf 87' lang='lat' dir='ltr'>eversa</span> 
     </span>
     <span class='ocr_line' id='line_1_25' title="bbox 145 2158 832 2289; baseline 0.001 -13"><span class='ocrx_word' id='word_1_139' title='bbox 145 2214 216 2289; x_wconf 73' lang='lat' dir='ltr'>sunt</span> <span class='ocrx_word' id='word_1_140' title='bbox 228 2216 413 2278; x_wconf 84' lang='lat' dir='ltr'>:Armeniam</span> <span class='ocrx_word' id='word_1_141' title='bbox 429 2158 527 2278; x_wconf 70' lang='lat' dir='ltr'>Pauli</span> <span class='ocrx_word' id='word_1_142' title='bbox 542 2213 725 2289; x_wconf 87' lang='lat' dir='ltr'>sustulerunt,</span> <span class='ocrx_word' id='word_1_143' title='bbox 742 2218 768 2276; x_wconf 92' lang='lat' dir='ltr'>le</span> <span class='ocrx_word' id='word_1_144' title='bbox 790 2219 832 2277; x_wconf 90' lang='lat' dir='ltr'>io-</span> 
     </span>
     <span class='ocr_line' id='line_1_26' title="bbox 65 2294 831 2383; baseline 0 -24"><span class='ocrx_word' id='word_1_145' title='bbox 65 2338 71 2342; x_wconf 31' lang='lat'><em>*</em></span> <span class='ocrx_word' id='word_1_146' title='bbox 146 2294 257 2379; x_wconf 82' lang='lat' dir='ltr'>tresque</span> <span class='ocrx_word' id='word_1_147' title='bbox 266 2297 412 2359; x_wconf 85' lang='lat' dir='ltr'>Romanas</span> <span class='ocrx_word' id='word_1_148' title='bbox 425 2297 476 2360; x_wconf 88' lang='lat' dir='ltr'>sub</span> <span class='ocrx_word' id='word_1_149' title='bbox 488 2304 589 2383; x_wconf 85' lang='lat' dir='ltr'>jugum</span> <span class='ocrx_word' id='word_1_150' title='bbox 602 2296 744 2368; x_wconf 74' lang='lat' dir='ltr'>miserunt,</span> <span class='ocrx_word' id='word_1_151' title='bbox 789 2319 831 2359; x_wconf 77' lang='lat' dir='ltr'>uae</span> 
     </span>
     <span class='ocr_line' id='line_1_27' title="bbox 147 2378 833 2460; baseline 0 -20"><span class='ocrx_word' id='word_1_152' title='bbox 147 2398 250 2440; x_wconf 85' lang='lat' dir='ltr'>tamen</span> <span class='ocrx_word' id='word_1_153' title='bbox 266 2380 416 2460; x_wconf 79' lang='lat' dir='ltr'>provinciae</span> <span class='ocrx_word' id='word_1_154' title='bbox 429 2379 481 2441; x_wconf 92' lang='lat' dir='ltr'>sub</span> <span class='ocrx_word' id='word_1_155' title='bbox 498 2390 533 2440; x_wconf 82' lang='lat' dir='ltr'>eo</span> <span class='ocrx_word' id='word_1_156' title='bbox 553 2378 634 2441; x_wconf 69' lang='lat' dir='ltr'>faelae</span> <span class='ocrx_word' id='word_1_157' title='bbox 653 2379 739 2452; x_wconf 90' lang='lat' dir='ltr'>sunt,</span> <span class='ocrx_word' id='word_1_158' title='bbox 757 2378 833 2440; x_wconf 87' lang='lat' dir='ltr'>Pon·</span> 
     </span>
     <span class='ocr_line' id='line_1_28' title="bbox 146 2459 833 2545; baseline 0 -26"><span class='ocrx_word' id='word_1_159' title='bbox 146 2480 197 2520; x_wconf 84' lang='lat' dir='ltr'>tus</span> <span class='ocrx_word' id='word_1_160' title='bbox 213 2459 455 2533; x_wconf 86' lang='lat' dir='ltr'>Polemoniacus,</span> <span class='ocrx_word' id='word_1_161' title='bbox 483 2459 653 2522; x_wconf 88' lang='lat' dir='ltr'>concedente</span> <span class='ocrx_word' id='word_1_162' title='bbox 671 2481 736 2545; x_wconf 80' lang='lat' dir='ltr'>rege</span> <span class='ocrx_word' id='word_1_163' title='bbox 747 2459 833 2529; x_wconf 89' lang='lat' dir='ltr'>Pole-</span> 
     </span>
    </p>
   </div>
   <div class='ocr_carea' id='block_1_4' title="bbox 144 2530 833 2684">
    <p class='ocr_par' dir='ltr' id='par_1_5' title="bbox 144 2530 833 2684">
     <span class='ocr_line' id='line_1_29' title="bbox 144 2530 833 2684; baseline -0.003 -81"><span class='ocrx_word' id='word_1_164' title='bbox 144 2562 264 2684; x_wconf 44' lang='lat'>3155</span> <span class='ocrx_word' id='word_1_165' title='bbox 285 2551 313 2603; x_wconf 88' lang='lat'>&amp;</span> <span class='ocrx_word' id='word_1_166' title='bbox 329 2542 417 2625; x_wconf 82' lang='lat' dir='ltr'>Alpes</span> <span class='ocrx_word' id='word_1_167' title='bbox 434 2542 569 2614; x_wconf 77' lang='lat' dir='ltr'>Cottiae,</span> <span class='ocrx_word' id='word_1_168' title='bbox 583 2541 687 2609; x_wconf 85' lang='lat' dir='ltr'>Cottio</span> <span class='ocrx_word' id='word_1_169' title='bbox 702 2561 767 2624; x_wconf 85' lang='lat' dir='ltr'>rege</span> <span class='ocrx_word' id='word_1_170' title='bbox 786 2530 833 2601; x_wconf 60' lang='lat' dir='ltr'>de&#39;-</span> 
     </span>
     <span class='ocr_line' id='line_1_30' title="bbox 232 2644 506 2683; baseline 0.007 -2"><span class='ocrx_word' id='word_1_171' title='bbox 232 2644 261 2682; x_wconf 92' lang='lat' dir='ltr'>o.</span> <span class='ocrx_word' id='word_1_172' title='bbox 276 2660 279 2665; x_wconf 39' lang='lat' dir='ltr'>v</span> <span class='ocrx_word' id='word_1_173' title='bbox 502 2678 506 2683; x_wconf 82' lang='grc'><em>.</em></span> 
     </span>
    </p>
   </div>
   <div class='ocr_carea' id='block_1_5' title="bbox 193 2670 1016 2767">
    <p class='ocr_par' dir='ltr' id='par_1_6' title="bbox 193 2670 1016 2767">
     <span class='ocr_line' id='line_1_31' title="bbox 193 2670 1016 2767; baseline 0 -3"><span class='ocrx_word' id='word_1_174' title='bbox 193 2703 268 2765; x_wconf 87' lang='lat' dir='ltr'>XV.</span> <span class='ocrx_word' id='word_1_175' title='bbox 289 2704 343 2765; x_wconf 89' lang='lat' dir='ltr'>Per</span> <span class='ocrx_word' id='word_1_176' title='bbox 362 2701 420 2764; x_wconf 80' lang='lat' dir='ltr'>haec</span> <span class='ocrx_word' id='word_1_177' title='bbox 436 2705 571 2765; x_wconf 87' lang='lat' dir='ltr'>Romano</span> <span class='ocrx_word' id='word_1_178' title='bbox 590 2702 655 2763; x_wconf 87' lang='lat' dir='ltr'>orbi</span> <span class='ocrx_word' id='word_1_179' title='bbox 672 2691 831 2767; x_wconf 67' lang='lat' dir='ltr'>exsecrabiss</span> <span class='ocrx_word' id='word_1_180' title='bbox 920 2676 942 2687; x_wconf 29' lang='lat'>&#39;⁴</span> <span class='ocrx_word' id='word_1_181' title='bbox 1013 2670 1016 2676; x_wconf 22' lang='grc' dir='ltr'>Ι</span> 
     </span>
    </p>
   </div>
   <div class='ocr_carea' id='block_1_6' title="bbox 142 2783 895 2862">
    <p class='ocr_par' dir='ltr' id='par_1_7' title="bbox 142 2783 895 2862">
     <span class='ocr_line' id='line_1_32' title="bbox 142 2783 895 2862; baseline -0.004 -14"><span class='ocrx_word' id='word_1_182' title='bbox 142 2787 212 2857; x_wconf 83' lang='lat' dir='ltr'>lis,</span> <span class='ocrx_word' id='word_1_183' title='bbox 241 2786 279 2848; x_wconf 82' lang='lat' dir='ltr'>ab</span> <span class='ocrx_word' id='word_1_184' title='bbox 303 2785 437 2849; x_wconf 72' lang='lat' dir='ltr'>ommibus</span> <span class='ocrx_word' id='word_1_185' title='bbox 461 2787 546 2848; x_wconf 86' lang='lat' dir='ltr'>simul</span> <span class='ocrx_word' id='word_1_186' title='bbox 572 2783 738 2862; x_wconf 83' lang='lat' dir='ltr'>destitutus,</span> <span class='ocrx_word' id='word_1_187' title='bbox 762 2796 789 2848; x_wconf 76' lang='grc' dir='ltr'>δι</span> <span class='ocrx_word' id='word_1_188' title='bbox 816 2787 833 2845; x_wconf 76' lang='lat' dir='ltr'>i</span> <span class='ocrx_word' id='word_1_189' title='bbox 892 2848 895 2851; x_wconf 72' lang='grc'><em>,</em></span> 
     </span>
    </p>
   </div>
   <div class='ocr_carea' id='block_1_7' title="bbox 643 2865 713 2929">
    <p class='ocr_par' dir='ltr' id='par_1_8' title="bbox 643 2865 713 2929">
     <span class='ocr_line' id='line_1_33' title="bbox 643 2865 713 2929; baseline -0.014 0"><span class='ocrx_word' id='word_1_190' title='bbox 643 2865 713 2929; x_wconf 87' lang='lat' dir='ltr'>Dv</span> 
     </span>
    </p>
   </div>
   <div class='ocr_carea' id='block_1_8' title="bbox 0 0 1042 3628">
    <p class='ocr_par' dir='ltr' id='par_1_9' title="bbox 0 0 1042 3628">
     <span class='ocr_line' id='line_1_34' title="bbox 0 0 1042 3628; baseline 0 0"><span class='ocrx_word' id='word_1_191' title='bbox 0 0 1042 3628; x_wconf 95' lang='lat' dir='ltr'> </span> 
     </span>
    </p>
   </div>
  </div>
 </body>
</html>
