1982 3614
161 260 229 326 232
287 236 428 308 -Avlo
456 238 671 311 VICTOR

159 376 202 417 tat
213 403 225 427 ,
244 353 362 417 Othone
382 354 498 417 authore
511 356 673 418 interficitur
685 380 694 429 3
708 359 753 440 qui
766 378 821 438 pta·

157 440 247 498 latum
265 438 415 517 adoptione
431 443 488 518 ejus
501 437 633 498 Pisonem
648 438 820 519 impatientitis

159 519 282 589 dolens,
307 517 434 579 accensas
463 517 592 578 cohortes
613 565 625 589 ,
658 518 817 600 armatasque

158 603 188 659 in
208 599 302 659 forum
315 598 472 659 deduxerat.
486 597 554 676 Qud
568 599 633 660 ctlm
645 599 731 660 loricis
745 604 817 659 tesius

160 681 255 742 Galba
266 682 418 740 tumultum
436 681 567 740 leniturus
586 680 775 750 contenderet,
790 678 820 741 ad

159 762 254 820 lacum
273 760 408 822 Curtium
427 760 509 821 caesus
530 759 589 833 est,
609 760 706 822 mense
723 762 820 842 Imperii

162 862 196 902 at
215 840 261 900 die
282 840 410 920 septimo.

199 921 279 981 Vll.
301 922 390 1003 Igitur
401 923 511 982 Salvius
525 920 627 993 Otho,
641 923 748 982 Neroni
764 944 821 1004 quo·

161 1024 217 1084 que
236 1003 381 1084 quondam
401 1004 549 1062 criminose
570 1001 739 1073 familiaris,
759 1001 823 1062 haud

162 1082 254 1144 multb
272 1081 327 1143 fine
347 1081 539 1143 adolescentia
561 1084 715 1166 grandior,
733 1104 821 1165 poten·

159 1167 233 1225 tiam
248 1164 364 1225 invadit.
380 1165 439 1242 Qui
452 1163 511 1224 dies
529 1163 586 1222 fere
605 1167 729 1246 quinque
745 1175 823 1226 &ot-

163 1249 275 1329 toginta
288 1266 377 1326 praeco
398 1246 462 1305 nitis
476 1246 600 1304 moribus
615 1247 742 1324 potitus,
759 1242 824 1326 poll-

161 1347 249 1406 quam
268 1324 284 1385 *a
302 1266 443 1396 Vitellio,
463 1327 512 1408 qui
533 1326 548 1384 ὲ
569 1325 666 1386 Gallia
686 1325 826 1386 descende-

162 1426 225 1476 rat,
242 1408 400 1467 Veronensi
416 1408 513 1486 praelio
531 1404 623 1487 pulsus
642 1404 703 1478 est,
721 1426 830 1466 mortem

164 1487 218 1545 sibi
235 1485 379 1547 conscivit.

202 1566 298 1627 VIII.
321 1568 364 1627 lta
382 1566 419 1627 ad
435 1565 540 1627 Aulum
561 1567 711 1627 Vitellium
725 1565 833 1648 potestas

165 1646 275 1719 delata,
292 1658 353 1729 quae
368 1645 508 1730 progressu
523 1646 656 1708 funestior
669 1649 768 1708 talibus
780 1650 833 1708 ini·

165 1730 212 1787 tiis
231 1728 330 1797 foret,
352 1732 375 1788 si
394 1727 583 1807 Vespasianus
603 1729 765 1810 aliquandiu
785 1730 835 1790 lu-

166 1808 290 1869 daeorum
309 1810 407 1880 bello,
428 1809 506 1890 quod
522 1808 645 1869 Neronis
660 1806 732 1888 jussu
747 1808 835 1870 susce·

165 1910 265 1971 perat,
289 1887 438 1971 impensitls
462 1891 631 1949 attineretur.
650 1889 677 1949 Is
698 1891 749 1950 ubi
768 1887 840 1974 gella

166 1991 216 2050 per
238 1972 389 2041 Galbam,
414 1967 561 2050 ipsumque
581 1967 738 2051 oppressum
760 1991 838 2030 acce·

166 2054 229 2130 pit3
250 2052 333 2111 simul
351 2052 487 2132 quoniam
507 2052 594 2133 legati
613 2052 744 2121 Moesiae,
763 2052 837 2111 Pan-

168 2132 320 2211 nonicique
340 2133 474 2191 exercitus
492 2128 666 2191 hortantium
687 2150 840 2203 venerunt,

167 2211 212 2270 lm
232 2213 319 2271 etium
336 2216 418 2292 capit.
437 2211 570 2293 Namque
584 2214 686 2273 milites
699 2212 817 2292 praedieti
829 2256 841 2280 ,

166 2232 315 2373 posquam
336 2291 485 2353 Othonem
508 2296 666 2373 pretoriis,
693 2294 841 2353 ViteIIIum

168 2373 393 2435 Germanicianis
414 2375 572 2457 legionibus
593 2372 697 2434 fadum
725 2393 839 2457 compe·
929 2392 933 2401 ’
988 2403 990 2411 ·

168 2456 250 2526 rste,
271 2457 387 2525 umuli,
408 2476 439 2515 ut
457 2457 527 2515 inter
545 2452 574 2514 se
597 2452 706 2524 solent,
726 2475 760 2514 ne
780 2454 842 2514 dis·

169 2538 276 2597 similes
301 2535 482 2605 viderentur,
511 2533 716 2614 Vespasianum
741 2555 842 2616 perpu-

169 2617 252 2687 ltire3
274 2620 309 2677 in·
328 2639 412 2699 quem
433 2622 491 2697 jam
517 2617 636 2696 Syriacae
658 2614 786 2675 cohortes
806 2614 844 2672 ob

169 2702 282 2777 egregia
302 2700 365 2757 vitae
385 2695 588 2759 consenserant.
607 2697 720 2777 Quippe
736 2694 844 2775 Vespa-

170 2777 262 2837 sianus
274 2777 349 2840 nova
360 2780 477 2840 Senator
490 2777 621 2848 famina,
638 2779 764 2840 Reatinis
778 2795 843 2837 nra-

962 2729 988 2773 tr

963 2809 989 2871 qu
