1972 3624
197 292 265 360 354
338 268 529 337 Snxrr
566 271 718 339 Rurr

194 391 325 452 foederati
338 410 425 450 erant.
440 389 498 449 Sub
511 390 731 470 imperatoribus
745 389 815 450 verb
830 411 880 472 pet

194 493 283 531 annos
301 471 522 553 quadringentos
540 470 666 551 septem,
685 472 749 530 etim
765 472 882 533 diversa

194 553 366 634 Reipublicae
388 552 502 611 fortuna
520 554 602 611 multi
620 554 763 633 Principes
783 556 881 634 impe-

194 655 309 705 rarent,
336 631 502 692 access'erunt
527 653 622 693 tamen
651 635 786 693 Romano
814 636 881 694 orbi

194 717 281 796 Alpes
295 718 444 774 maritimae
456 760 467 783 ‚
487 715 573 795 Alpes
588 715 715 786 Cottiae,
735 713 856 775 Rhaetiae
866 761 880 786 ,

140 867 144 874 Ι
194 797 309 856 Noricae
329 820 338 853 ι
356 798 531 866 Pannoniae,
558 798 669 856 Moesiae
683 820 694 866 3
724 806 752 856 δι
782 798 882 858 omnis

194 898 243 938 ora
268 879 398 938 Danubii
421 881 450 936 in
478 880 636 957 provincias
662 876 701 936 est
729 878 846 938 redacta
871 901 880 936 ε

194 959 304 1019 Pontus
324 962 443 1028 omnis,
470 961 607 1018 Armenia
630 964 745 1037 major,
771 959 882 1020 Oriens

195 1060 270 1100 totus
283 1063 346 1102 cum
360 1038 594 1120 Mesopotamia,
608 1037 737 1120 Assyrii,
751 1040 880 1110 Arabia,

195 1131 221 1196 ὃς
246 1123 410 1203 AErypto,
444 1119 495 1182 sub
522 1122 634 1202 imperii
659 1120 787 1180 Romani
816 1126 882 1201 jura

193 1206 329 1265 transivit.

236 1285 294 1344 IV.
317 1285 386 1360 Quo
414 1303 506 1342 autem
535 1280 633 1342 ordine
660 1285 701 1342 sin
724 1283 785 1343 uias
807 1305 880 1364 pro-

194 1367 302 1426 vincias
327 1366 460 1424 Romana
482 1362 637 1445 respublica
665 1303 787 1423 allicuta
812 1368 850 1425 sit
868 1412 881 1436 ,

195 1444 351 1506 ostenditur
376 1449 425 1506 ita.
449 1443 544 1505 Prima
568 1446 780 1525 provinciarum
807 1445 884 1505 Sici·

195 1528 236 1586 lia
249 1527 325 1589 fasta
344 1525 392 1586 est.
414 1527 488 1588 Eam
504 1523 579 1585 vibio
592 1525 743 1597 Hierone,
767 1527 883 1587 Siculo-

194 1609 289 1668 lorum
318 1630 407 1691 rege,
434 1607 587 1672 Marcellus
616 1606 715 1667 consul
744 1607 882 1668 obtinuit.

197 1689 310 1749 Deinde
344 1689 361 1747 ὲ
385 1688 549 1747 Praetoribus
585 1691 661 1747 reeta
693 1687 756 1756 est3
785 1685 884 1767 postea

106 1778 109 1791 ¹
196 1768 343 1832 commilla
360 1767 398 1828 est
410 1769 576 1829 Praesidibus
599 1791 699 1829 :nunc
719 1768 736 1829 *a
755 1767 878 1829 Consu·
921 1839 923 1843 Ι
983 1762 984 1769 ¹

196 1853 300 1912 laribus
319 1849 536 1912 administratur.
557 1849 718 1910 Sardiniam
738 1858 766 1909 &
788 1853 884 1910 Corsi-

197 1956 256 1993 cam
276 1933 409 1994 Metellus
425 1929 495 1991 vicit
515 1955 524 2003 3
545 1929 729 2010 triumphavit
744 1930 785 1990 de
806 1931 880 1991 Sar-

197 2013 269 2085 dis3
296 2014 463 2074 rebellavbre
486 2011 556 2093 saepe
580 2012 670 2071 Sardi.
696 2014 799 2072 Junua
823 2013 880 2072 ad-

196 2094 366 2155 ministratio
387 2093 487 2166 harum
506 2091 660 2153 insularum
679 2092 797 2153 fuerat:
818 2093 882 2173 post

196 2174 261 2235 suos
280 2177 412 2238 Praetores
432 2173 557 2235 habuit:
576 2195 651 2234 nunc
671 2175 788 2258 singulae
806 2174 882 2234 Prae-

197 2257 303 2317 sidibus
332 2264 473 2331 reguntur.
500 2255 535 2315 In
557 2255 712 2332 Africam,
742 2277 793 2335 pro
824 2254 878 2315 de-

197 2337 326 2399 fensione
354 2334 542 2408 Siculorum,
565 2336 699 2396 Romana
721 2334 881 2399 transmissa

197 2416 261 2480 sunt
278 2422 369 2503 signa.
389 2420 448 2478 Ter
465 2417 565 2478 Africa
582 2417 729 2477 rebellavit
748 2441 754 2474 :
774 2417 812 2477 ad
831 2439 881 2477 er-

197 2490 318 2561 treinum
336 2549 348 2573 ,
371 2497 461 2561 deletai
485 2521 533 2579 per
554 2499 587 2558 P.
614 2499 779 2577 Scipionem
799 2497 880 2559 Car-

198 2579 314 2665 thagine
333 2629 341 2654 ,
360 2583 509 2662 provincia
536 2579 611 2643 facta
636 2577 675 2638 est
696 2604 704 2638 t
726 2600 803 2639 nunc
829 2577 881 2640 sub

197 2663 416 2724 Proconsulibus
448 2665 516 2746 agit.
546 2662 683 2721 Numidia
716 2661 752 2719 ab
782 2662 884 2722 amicis

198 2745 311 2827 regibus
332 2747 500 2805 tenebatur:
515 2741 562 2804 sed
583 2738 746 2825 Jugurthae,
768 2742 808 2803 ob
832 2763 883 2800 ne-

198 2846 276 2886 catos
299 2825 492 2888 Adherbalem
518 2834 544 2886 &
569 2821 765 2906 Hiempsalem
784 2867 797 2893 ,
819 2823 883 2886 Mi·
