2056 3628
220 253 264 314 62
389 245 707 312 Euruonrr

219 368 309 437 vicit,
324 375 352 426 δε
372 365 475 423 Lucius
492 363 639 422 Domitius
657 363 770 423 Praetor.
793 361 821 423 A
841 365 903 425 Ser·

220 450 288 507 totii
303 447 373 507 duce
393 445 536 505 Hirtuleio
553 445 700 504 Domitius
713 441 822 505 occisus
841 447 901 505 est:

221 528 355 589 Metellus
376 530 456 587 vario
483 522 602 585 successu
625 544 723 586 contra
747 527 902 587 Sertorium

221 609 378 669 dimicavit.
401 606 500 668 Postea
519 606 583 666 crim
602 609 693 688 impar
708 628 809 690 pugna
827 606 905 669 solus

221 691 355 751 Metellus
370 708 527 769 putaretur,
543 689 601 750 Cn.
615 689 767 769 Pompeius
779 689 817 749 ad
831 687 904 749 His·
1015 754 1016 763 χ

103 775 111 791 “
220 774 319 854 panias
340 767 434 831 missus
451 770 499 831 est.
515 770 560 830 Ita
581 769 690 829 duobus
710 770 827 831 ducibus
850 770 905 831 ad·

220 856 328 927 versis,
350 854 486 914 Sertorius
508 851 622 911 fortuni
640 850 718 911 varib
738 848 808 932 sae'pe
824 873 861 932 pu
886 888 902 899 -

220 937 310 996 havit.
332 936 446 995 Osbavo
466 933 580 993 demtim
595 954 671 995 auno
690 931 777 993 bsuis
795 873 905 995 occidas

222 1014 281 1089 est,
309 1026 336 1078 δι
363 1015 426 1076 sinis
453 1018 480 1073 ei
504 1015 580 1074 bello
606 1014 687 1074 datus
709 1012 748 1072 est
773 1034 822 1095 pet
844 1015 903 1078 Cn.

221 1098 392 1179 Pompeium
407 1096 632 1168 adolescentem,
645 1096 826 1173 &Quintum
838 1097 906 1161 Me·

221 1181 320 1240 tellum
337 1180 419 1239 Pium
443 1202 450 1236 z
471 1197 502 1238 at
522 1199 556 1237 ue
573 1197 673 1237 omnes
695 1178 782 1259 prope
799 1176 907 1261 Hispa·

221 1265 275 1322 niae
296 1265 326 1322 in
349 1260 488 1321 ditionem
502 1200 614 1339 l'opuli
637 1258 766 1319 Romani
789 1259 909 1322 tedadlae

221 1342 294 1404 sunt.

263 1425 310 1484 II.
332 1422 380 1484 Ad
401 1421 606 1486 Macedoniam
626 1418 721 1482 missus
739 1420 778 1480 est
797 1421 909 1504 Appius

224 1505 373 1566 Claudius.
401 1503 467 1563 Post
498 1504 689 1564 Consulatum
714 1502 787 1564 levia
811 1506 908 1584 praelia

225 1584 326 1646 habuit
349 1605 446 1645 contra
464 1587 555 1646 varias
574 1603 686 1668 gentes,
704 1606 767 1667 quae
786 1583 909 1646 Rhodo-

225 1689 292 1750 pam
323 1668 499 1749 provinciam
530 1667 693 1727 incolebant
721 1690 728 1723 z
752 1685 837 1747 atque
866 1669 909 1728 ibi

205 1749 329 1809 'morbo
356 1767 481 1808 mortuus
505 1747 551 1808 est.
580 1749 687 1808 Missus
715 1749 741 1806 ei
772 1745 912 1809 successor
1014 1794 1015 1829 p

224 1831 284 1893 Cn.
304 1831 465 1903 Scribonius
487 1828 577 1891 Curio
598 1827 659 1909 post
685 1828 877 1890 Consulatum
899 1855 908 1889 t

225 1915 249 1972 is
263 1913 414 1973 Daldanos
430 1914 520 1983 vicit,
537 1919 563 1972 δι
581 1909 719 1993 usquead
738 1911 910 1972 Danubium

226 1997 403 2074 penetravit3
416 1991 647 2074 triumphumque
660 1993 782 2064 metuit,
793 2003 821 2054 δε
834 1995 910 2056 intra

224 2078 379 2135 triennium
402 2072 488 2133 finem
510 2076 586 2133 bello
606 2074 693 2134 dedit.

267 2157 319 2216 III.
341 2156 387 2216 Ad
406 2154 543 2217 Ciliciam
563 2165 591 2216 δι
614 2152 815 2297 Pamphyliam
837 2159 911 2217 mis-

227 2236 271 2297 sus
293 2234 333 2296 est
348 2238 379 2298 P.
399 2236 530 2297 Servilius
553 2259 587 2296 ex
604 2236 673 2299 Con
688 2237 754 2308 ule,
777 2240 820 2297 vir
840 2236 914 2297 stre·

226 2339 306 2378 nuus.
336 2318 363 2378 Is
388 2317 525 2379 Ciliciam
551 2317 688 2402 subegit,
713 2320 807 2413 Lycia
828 2321 915 2380 urbes

227 2401 393 2460 clarissimas
416 2403 614 2483 oppugnavit,
634 2410 662 2460 &
686 2419 759 2481 ceprt
781 2425 788 2458 ι
813 2401 844 2460 in
866 2400 916 2462 his

227 2479 423 2552 Phaselidem,
433 2481 592 2564 Olympum
602 2528 611 2552 ,
623 2481 769 2564 Corycum
786 2481 915 2544 Ciliciae.

228 2562 339 2626 Isauros
353 2578 474 2646 ‘quoque
498 2560 659 2647 aggressus,
681 2567 711 2624 iu
734 2563 914 2625 deditionem

224 2644 336 2729 redegit
353 2665 456 2727 :atque
473 2648 545 2705 intra
558 2647 710 2706 triennium
728 2645 804 2705 bello
823 2644 917 2706 finem

228 2726 315 2785 dedit.
351 2727 460 2786 Primus
494 2729 625 2787 omnium
653 2727 850 2787 Romanorum
883 2729 917 2787 in

224 2806 327 2866 Tauro
355 2810 407 2867 iter
435 2806 510 2868 fecit.
538 2810 710 2880 Revertens,
735 2808 917 2890 triumphum

230 2889 357 2970 accepit,
379 2898 406 2950 &
422 2911 527 2952 nomen
544 2888 659 2951 Isaurici
678 2893 789 2953 meruit.
