2056 3628
294 160 478 294 Lrar'r
518 219 593 290 VI.
744 229 789 308 69

119 333 234 399 Catilina
260 335 319 419 ipse
342 339 438 419 praelio
473 339 563 400 villus
589 336 648 410 est,
676 346 705 399 &
738 341 787 399 in-

118 416 245 483 ursellus,

36 544 37 565 2
152 499 240 563 XVI.
270 501 480 562 Sexcentesimo
500 504 689 584 nonagesimo
710 525 787 577 anno

121 579 152 637 ab
168 582 245 642 Urbe
264 582 396 653 modim,
418 584 456 645 D.
478 583 564 643 Iunio
581 584 679 645 Silano
704 593 731 643 &
751 587 786 645 L.

120 659 238 721 Muraenzi
260 662 455 733 Consulibus,
478 664 613 724 Metellus
641 664 675 723 de
702 664 790 729 Cret&

122 742 315 822 triumphavit3
336 744 487 824 Pompeius
512 745 546 805 de
569 745 645 804 bello
666 747 789 806 Piratico
887 804 889 807 ,

122 832 146 886 ὅ(
171 823 376 886 Mithridatico.
410 826 498 885 Nulla
529 847 654 907 uuquam
684 849 791 909 pompa

122 904 246 986 triumphi
262 908 362 973 similis
372 905 434 980 ,fuit
454 931 460 964 :
479 907 556 968 duell
574 906 638 968 sunt
654 928 718 967 anre
733 914 791 986 ejus

93 1058 95 1063 Ι
124 1006 222 1045 curtum
241 985 315 1047 filius
334 985 531 1060 Mithridatis,
547 986 621 1061 filius
635 989 791 1072 Tigranis,
812 1034 815 1042 ι

123 1067 331 1129 &Aristobulus
348 1090 394 1128 rex
416 1068 598 1130 Iudaeorum:
618 1071 730 1149 praelata
748 1073 794 1130 iu*

124 1168 183 1231 gens
197 1150 332 1230 pecunia,
349 1152 408 1210 auri
424 1171 507 1232 atque
524 1153 634 1233 argenti
651 1148 794 1212 infinitum

123 1231 231 1309 pondus.
251 1233 319 1293 Hoc
342 1252 467 1312 tempore
489 1231 600 1297 nullum
624 1252 672 1313 per
694 1232 794 1299 orbem

123 1328 245 1385 terrarum
269 1334 352 1396 grave
375 1314 483 1372 bellum
504 1332 570 1373 erat.

159 1394 252 1455 XVII.
269 1395 356 1454 Anno
371 1395 457 1456 Urbis
480 1393 599 1453 conditae
618 1415 718 1456 ocxc
730 1416 794 1459 111.
841 1408 844 1413 “

125 1471 205 1541 Caius
222 1476 312 1539 Julius
324 1473 438 1545 Caesar,
451 1477 501 1556 qui
517 1473 611 1556 pollei
630 1478 795 1557 imperavit,

126 1575 182 1615 cum
200 1558 231 1623 L.
249 1558 354 1616 Bibulo
372 1555 484 1618 Consul
502 1556 541 1615 est
558 1555 669 1616 faucbus:
686 1557 796 1618 decreta

126 1633 159 1694 est
168 1640 192 1696 ei
204 1639 323 1709 Gallia,
336 1648 364 1699 &
378 1638 540 1718 Illyricum,
556 1659 620 1697 cum
637 1638 798 1721 legionibus

125 1717 222 1780 decem.
240 1720 270 1780 Is
287 1717 379 1801 primo
399 1721 467 1779 vicit
481 1719 645 1789 Helvetios,
660 1721 709 1801 qui
722 1742 798 1785 nunc

125 1798 238 1880 Sequani
261 1801 455 1882 appellantur:
478 1799 578 1864 deinde
595 1800 735 1860 vincendo
751 1822 799 1880 per

125 1878 191 1949 bella
205 1884 389 1966 gravissima,
402 1879 490 1962 usque
510 1879 546 1939 ad
563 1880 713 1941 Oceanum
733 1881 799 1940 Bria

125 1965 275 2024 reunitum·
287 1964 426 2044 processit.
451 1962 575 2022 Domuit
595 1981 689 2020 autem
718 1964 800 2023 annis
857 1992 859 1996 ·

126 2064 223 2105 novem
244 2044 304 2105 fere
328 2064 445 2109 omnem
472 2042 621 2112 Galliam,
646 2065 706 2125 quae
729 2047 801 2105 inter

127 2125 224 2205 Alpes,
246 2129 352 2186 flumen
374 2123 572 2195 Rhodanum,
596 2120 749 2197 Rhenum,
774 2135 802 2186 &

128 2206 275 2275 Oceanum
286 2205 342 2278 est,
358 2215 384 2266 &
396 2208 511 2265 circuitu
522 2225 596 2286 patet
606 2204 642 2264 ad
652 2207 695 2265 bis
706 2214 733 2266 δε
745 2209 799 2265 tri·
885 2230 888 2236 ·

128 2285 179 2359 lllss
191 2288 308 2350 centena
322 2289 412 2348 millia
430 2284 562 2368 palluum.
579 2287 718 2360 Britannis
735 2309 804 2352 mox

129 2368 228 2430 bellum
243 2371 359 2440 intulit3
378 2371 479 2451 quibus
497 2389 560 2429 ante
571 2389 635 2427 eum
651 2391 687 2429 ne
699 2389 804 2429 nomen

129 2453 240 2530 quidem
267 2452 466 2511 Romanorum
492 2472 526 2509 co
549 2452 640 2509 nitum
662 2468 719 2507 etat
746 2473 752 2505 ι
777 2457 804 2512 δι

129 2552 172 2592 eos
186 2554 300 2615 quoque
315 2534 421 2602 victos,
438 2471 583 2591 obsidibus
603 2531 740 2608 acceptis,
756 2527 805 2588 sti—

129 2616 286 2692 pendiatios
301 2613 377 2680 fecit,
396 2612 497 2673 Galliae
519 2630 615 2671 autem
638 2611 734 2677 tributi
744 2610 807 2671 'no-

130 2698 203 2756 mine
224 2717 352 2757 annuum
379 2695 527 2773 imperavit
553 2689 706 2757 sestertiirm
730 2714 804 2773 qua-

129 2775 320 2862 dringinties:
344 2772 558 2855 Germanosque
577 2794 652 2836 trans
672 2771 805 2835 Rhenum
