1972 3624
204 245 272 311 304
321 213 446 286 Aule.
477 214 754 287 Vrcronlr

201 343 246 401 sit·
278 338 377 420 Jurgia
403 354 498 396 autem
524 333 576 394 sub
597 356 676 416 patre
700 333 868 407 venundata3

202 423 362 502 rapinarum
376 418 528 497 cupidum,
541 417 615 476 unde
623 418 774 497 Neronem
787 419 869 477 cundi

202 505 350 583 opinantes
360 497 547 579 vocantesque
559 496 701 558 summam
712 520 799 558 rerum
810 519 872 558 nac·

202 601 264 642 tum
280 582 400 664 graviter
421 580 593 659 acceperant}
612 579 668 639 Sed
687 577 746 640 hac
765 581 793 639 in
812 600 870 637 me-

203 664 256 723 lius
281 659 414 721 conversa
442 657 514 721 aded
538 662 565 718 ei
590 659 783 720 immortalem
808 660 869 742 glo-

202 747 276 803 riam
302 742 468 814 contulere,
497 761 528 801 ut
552 740 670 802 Deliciae
697 760 780 822 atque
798 762 873 800 amor

202 821 322 884 humani
346 827 453 907 generis
480 822 672 902 appellaretur.
695 822 824 904 Denique
845 841 873 881 ut

203 903 289 965 subiit
315 903 425 985 pondus
452 906 584 987 regium,
610 903 771 963 Berenicem
803 913 872 983 nup·

204 988 257 1046 tias
282 984 343 1046 suas
367 984 523 1065 sperantem
545 984 657 1067 regredi
687 983 829 1055 domum,
848 993 875 1043 δι

144 1073 149 1085 ’
204 1086 400 1127 enervatorum
425 1087 522 1149 greges
548 1066 625 1125 abite
651 1067 787 1146 pracepit.
812 1066 876 1141 Quo

205 1146 308 1220 facio,
330 1150 410 1229 quasi
432 1149 545 1229 signum
569 1147 685 1227 protulit
702 1166 814 1206 mutatae
830 1149 877 1205 in-

205 1231 403 1311 temperantia.
422 1226 535 1287 Dehinc
556 1225 620 1286 etim
640 1227 747 1287 donata
764 1224 877 1287 conces-

205 1309 271 1372 save
293 1309 310 1370 xa
327 1309 466 1391 prioribus
482 1307 653 1390 principibus
674 1306 788 1368 firmare
804 1306 877 1385 inse-

206 1412 321 1472 quentes
347 1389 488 1461 solerent,
511 1390 595 1450 simul
615 1391 765 1470 imperium
790 1391 879 1469 cepit,

205 1474 274 1532 talia
299 1472 504 1553 possidentibus
538 1470 631 1531 editio
665 1469 765 1551 sponte
798 1472 877 1537 cavit,

203 1552 341 1630 Quidam
374 1555 460 1613 etiam
490 1552 566 1621 die,
600 1551 749 1612 recordans
777 1549 882 1632 vesperi

205 1632 278 1694 nihil
305 1632 334 1693 se
357 1636 490 1714 cuiquam
518 1630 696 1713 praestitisse,
726 1632 882 1693 venerando

206 1713 362 1796 coelestique
385 1714 480 1785 disto,
501 1712 618 1784 Amici,
636 1717 695 1786 ait,
713 1714 882 1788 perdidimus

205 1799 302 1867 diem,
329 1798 395 1877 quia
425 1814 483 1854 erar
513 1792 671 1878 magnificae
699 1790 881 1855 liberalitatis.

206 1875 399 1938 Clementiam
420 1873 597 1957 versusque
621 1874 655 1935 ed
680 1876 829 1956 perduxit,
855 1895 884 1935 ut

205 1960 374 2039 amplissimi
392 1958 499 2017 ordinis
517 1956 574 2017 duo
594 1955 657 2017 ctim
675 1955 805 2017 adverstis
821 1978 884 2024 eum

207 2036 391 2116 conjuriss'ent
415 2084 426 2109 ‚
455 2057 546 2120 neque
575 2038 696 2098 abnuere
728 2040 885 2121 cogitatum

206 2117 293 2180 scelus
318 2122 449 2202 quirent,
469 2120 609 2179 monuerit
625 2116 737 2199 primb,
752 2117 814 2199 posi
832 2118 883 2178 de·
958 2170 963 2177 .

207 2200 305 2260 dunos
331 2203 361 2261 in
384 2199 571 2281 spectaculum
594 2197 622 2259 se
646 2202 731 2260 utrim
754 2220 788 2259 ue
812 2202 884 2260 assi-

207 2282 270 2342 dere
288 2279 416 2363 jusserit,
440 2284 583 2363 petitoque
605 2302 639 2341 ex
662 2280 711 2341 ind
768 2279 796 2340 ii
817 2284 886 2340 mir·

207 2365 387 2434 millonum‚
417 2384 538 2443 quorum
570 2383 670 2446 pugnae
701 2360 885 2432 visebantur,

208 2447 325 2530 gladio,
340 2446 421 2527 quasi
438 2443 474 2504 ad
492 2442 693 2523 explorandam
711 2445 822 2514 aciem,
838 2444 887 2503 uni

208 2548 291 2609 atque
320 2527 398 2587 alteri
418 2523 591 2584 commiserit
602 2547 612 2596 3
633 2525 735 2606 quibus
755 2525 887 2605 perculsis

208 2616 236 2668 δι
255 2607 439 2668 constantiam
460 2605 626 2666 mirantibus
645 2606 748 2665 diceret
768 2605 886 2665 :Vide-

208 2685 278 2746 tisne
293 2686 445 2748 Potestates
468 2686 529 2746 fato
550 2686 631 2758 dati,
649 2683 802 2767 frustritque
821 2705 888 2746 ten-

209 2785 267 2829 tare
289 2768 397 2832 facinus
423 2768 554 2852 potiundi
575 2764 646 2851 spe,
673 2768 719 2828 vel
740 2766 890 2831 amittendi
