2010 3616
221 287 354 358 Oaroo
380 287 667 361 Grnrrtnon.
723 302 784 382 1'41

89 400 220 464 honore
243 408 447 487 impartiendos
465 406 542 478 elle,
563 408 649 492 quim
672 410 791 496 Reges3

91 487 178 544 inde
189 486 316 547 videlicet
328 493 469 558 madium,
481 509 512 549 ut
521 491 638 552 Herculi
648 491 791 559 decimam

93 567 254 647 profanari
269 591 333 629 mos
349 568 432 643 elles,
455 570 606 631 secundum
618 574 696 653 quod
709 575 794 635 Plau-

95 666 154 707 tus
175 649 353 724 luparum,
380 654 498 731 inquit,
519 653 740 725 Herculaneum,
762 657 792 717 id

97 725 176 798 est,
195 729 341 790 decimam.
359 730 534 793 Consectari
551 736 635 815 igitur
656 734 703 794 ari
718 734 791 795 Ma-

97 808 215 881 ximi,
237 812 440 894 profanatdque
466 812 541 893 apud
564 835 627 873 eam
655 814 765 875 decima
780 853 798 890 ,-

99 890 291 963 Recaranus,
309 914 344 951 eo
367 891 445 975 quod
464 893 627 955 Carmentis
647 898 765 957 invitata
779 934 799 972 ,-

100 972 148 1030 ad
161 971 190 1031 id
208 970 319 1032 sacrum
330 996 388 1034 non
402 971 550 1045 adfuiffet,
568 975 679 1047 sanxit,
697 997 732 1035 ne
747 983 798 1038 cui·

103 1052 237 1115 foemina
250 1053 293 1114 fas
311 1052 376 1114 eller
388 1054 462 1116 vesci
479 1076 512 1115 ex
532 1076 588 1128 eo,
608 1056 686 1136 quod
700 1058 800 1119 eidem'

102 1154 164 1193 ara
182 1133 321 1195 sacratum
341 1134 435 1208 effer,
458 1156 541 1218 atque
562 1139 597 1196 ab
616 1136 649 1196 eit
669 1158 698 1195 re
721 1138 794 1199 divi-
813 1212 815 1217 Α

104 1213 171 1285 ni,
189 1215 314 1276 foeminar
330 1221 359 1277 in
377 1237 469 1277 toturn
485 1239 610 1278 remota.

150 1296 237 1357 Vll.
259 1298 328 1358 Haec
351 1299 467 1360 Cassius
491 1299 542 1357 lib.
568 1319 588 1358 1.
609 1299 649 1358 At
671 1298 740 1358 vero
764 1303 794 1360 in

108 1376 190 1437 libris
225 1377 433 1439 pontificalium
471 1378 589 1438 traditur
622 1379 768 1439 Hercules¹
781 1428 793 1452 ,

110 1458 186 1518 Jove
217 1479 300 1541 atque
327 1457 467 1520 Alcmena
492 1463 602 1542 genitus
625 1505 634 1530 ,
665 1458 794 1541 superato

110 1539 272 1620 Geryone,
288 1563 374 1624 agens
392 1541 487 1601 nobile
508 1560 666 1600 armentum
685 1588 694 1614 ,
716 1564 749 1601 cu
769 1547 796 1603 i-

109 1619 166 1680 dus
194 1627 251 1701 ejus
277 1626 387 1705 generis
411 1623 498 1682 boves
523 1625 551 1681 in
577 1620 688 1682 Graecii
710 1564 824 1691 mili-1

109 1701 235 1774 tuendi,
255 1702 329 1763 fortd
351 1706 381 1764 in
399 1725 432 1763 ea
448 1705 511 1762 loca
525 1700 647 1773 venille,
669 1712 696 1762 &
713 1706 795 1763 uber-

17 1856 22 1861 ,
110 1802 172 1842 tate
197 1784 293 1864 pabuli
314 1785 495 1854 delectatus,
521 1802 551 1842 ut
572 1804 606 1842 ex
629 1782 718 1866 longo
742 1788 795 1844 iti-

112 1884 182 1923 nere
205 1863 335 1925 homines
357 1863 398 1925 sui
424 1874 570 1943 &pecora
591 1861 796 1936 reficerentur,

114 1945 292 2025 aliquamdiu
327 1945 421 2006 sedem
452 1945 494 2004 ibi
522 1940 697 2003 constituille.
725 1944 797 2021 Quat

115 2026 182 2084 crim
203 2030 234 2086 in
250 2027 346 2098 valle,
365 2029 413 2087 ubi
432 2045 506 2086 nunc
524 2022 562 2082 est
583 2022 682 2087 Circus
700 2025 798 2085 Maxi·

116 2127 182 2166 mus
193 2150 202 2176 ,
213 2106 407 2187 pascerentur,
421 2128 456 2167 ne
477 2104 548 2165 lecta
563 2102 705 2174 custodia,
718 2104 800 2187 qudd'

116 2207 205 2247 nemo
229 2188 391 2249 credebatur
415 2128 527 2249 auduus
553 2186 659 2245 violare
681 2185 800 2246 Hercu-

117 2270 153 2328 lis
166 2268 297 2408 1praedam
309 2315 318 2342 ,
343 2271 481 2329 latronem
504 2266 646 2348 quendam
674 2270 802 2350 regionis

117 2356 164 2430 eju
178 2351 266 2423 dem,
287 2372 334 2410 ma
355 2350 480 2411 nitudine
501 2350 625 2428 corporis
647 2356 674 2406 &
698 2351 798 2407 virtute

117 2433 224 2491 eaeteris
245 2372 470 2515 praevalentem,
493 2432 560 2489 ocio
578 2429 666 2486 boves
686 2431 714 2486 in
737 2424 804 2508 spes

117 2515 254 2586 luncam,
274 2514 426 2594 quominus
442 2512 548 2572 furtum
565 2506 688 2589 vestigiis
703 2510 804 2649 colli?-

137 2591 208 2653 ollet
230 2641 240 2665 ,
266 2593 361 2654 caudis
388 2588 555 2653 abstraxillc.
576 2586 710 2671 Cumque
734 2592 800 2648 ine

117 2616 255 2735 llercules
273 2671 471 2755 proficiscens,
485 2673 624 2752 reliquum
641 2688 800 2732 armentum

118 2755 185 2816 casu
212 2776 311 2838 praeter
339 2755 457 2814 eandem
485 2752 645 2834 speluncam
678 2771 800 2833 ageret,

116 2837 194 2900 forte
212 2836 337 2926 quidam
356 2834 476 2903 inclusas
491 2827 812 2905 bovestranleuntibus.
