2010 3616
156 293 213 344 ur
232 276 354 348 Viuit
379 288 668 347 triumuiros.
698 282 760 368 185

76 395 239 480 Tiphatam
249 443 260 468 ‚
271 406 299 460 &
310 400 372 481 agri
381 402 477 481 jugera
488 402 644 482 quingenta
654 397 766 480 publice

79 480 160 540 data.

120 560 267 621 XXXIV.
277 563 386 641 Appius
396 560 534 622 Claudius
547 560 647 624 Caecus
658 566 687 623 in
701 584 767 622 cen·

82 638 148 700 suri
171 643 318 701 libertinos
338 662 451 723 quoque
476 645 506 702 in
528 642 660 703 Senatum
687 645 766 728 legit.

80 723 229 802 Epulandi
249 723 472 805 decantandique
492 729 534 804 jus
554 726 716 784 tibicinibus
738 729 768 786 in

82 804 200 882 publico
221 803 334 863 ademit.
353 805 425 865 Duae
446 804 562 864 familiae
582 806 618 865 ad
638 806 770 867 Herculis

82 883 248 944 factasunt
268 883 432 954 destinate,
454 886 623 946 Potitiorum
644 897 671 947 &
685 888 771 947 Pina-

85 969 203 1025 riorum.
225 965 345 1024 Potitios
360 966 490 1026 Herculis
506 964 662 1028 sacerdotes
680 971 770 1048 pretio

85 1049 235 1126 corrupit,
258 1066 289 1105 ut
306 1044 383 1106 sacra
397 1047 539 1107 Herculea
558 1047 653 1108 servos
672 1050 769 1129 publi·

85 1147 133 1184 cos
164 1127 345 1197 edocerent,
374 1128 448 1187 unde
475 1148 591 1187 caecatus
615 1127 654 1188 est
674 1153 682 1186 ι
703 1151 772 1212 gens

86 1207 270 1286 Potitiorum¹
286 1207 409 1268 fundittis
433 1211 524 1288 periit.
543 1211 590 1269 Ne
613 1208 772 1270 consulatus

86 1309 154 1347 cum
185 1290 292 1368 plebeis
323 1292 610 1360 communicaretur,
638 1292 772 1351 acerrime

87 1367 194 1429 restitit.
214 1370 261 1429 Ne
279 1369 380 1430 Fabius
398 1369 473 1430 solus
492 1370 529 1429 ad
550 1372 655 1431 bellum
677 1375 772 1432 mitte-

88 1470 193 1521 retur,
224 1450 401 1511 contradixit.
428 1453 577 1525 Sabinos,
599 1452 738 1513 Samnitas
760 1499 771 1524 ,

88 1529 224 1591 Etruscos
240 1532 315 1590 bello
333 1531 453 1593 domuit.
468 1533 557 1591 Viam
578 1531 664 1614 usque
678 1535 771 1594 Brun-

89 1611 194 1672 disium
215 1612 354 1692 lapidibus
376 1612 471 1673 stravit
490 1660 499 1684 ‚
519 1613 592 1672 unde
613 1615 662 1674 illa
680 1618 774 1695 Appia

89 1692 175 1753 ditia.
190 1695 306 1773 Aquam
322 1695 463 1754 Anienem
481 1698 510 1754 in
526 1696 638 1756 Urbem
654 1695 772 1756 induxit.

91 1773 254 1834 Censuram
279 1772 353 1834 solus
372 1778 453 1835 omni
476 1778 670 1856 quinquennio
693 1777 772 1836 obti—
801 1790 806 1801 '

91 1857 162 1915 nuit.
192 1853 271 1915 Ctim
299 1855 333 1914 de
354 1878 422 1936 pace
448 1854 559 1938 Pyrrhi¹
576 1876 723 1934 ageretur,
748 1867 779 1916 &

92 1940 184 2018 gratia
204 1955 351 2015 potentum
367 1958 416 2017 per
431 1936 555 2019 legatum
575 1937 697 1998 Cineam
717 1959 778 2017 pre-

93 2021 134 2076 tio
155 2037 345 2098 quaereretur‚
367 2016 449 2078 senex
466 2027 599 2078 &caecus
624 2017 723 2079 leolicti
746 2020 776 2078 in

93 2098 231 2157 Senatum
260 2099 366 2168 latus,
393 2101 565 2179 turpissimas
598 2100 775 2161 conditiones

94 2200 141 2238 ma
186 2177 252 2238 ilici
268 2182 398 2239 oratione
419 2179 554 2241 discussit.

170 2260 279 2319 XXV.
297 2259 416 2342 Pyrrhus
436 2284 483 2321 rex
493 2263 695 2343 Epirotarum,
718 2285 778 2323 ma·

102 2356 182 2400 terno
209 2361 310 2421 genere
326 2343 361 2400 ab
373 2340 484 2402 Achille
499 2389 507 2413 ,
523 2363 637 2422 paterno
656 2346 691 2403 ab
702 2340 778 2402 Her-

97 2423 157 2480 cule
178 2423 340 2493 oriundus,
361 2421 424 2482 crim
445 2427 594 2503 imperium
616 2425 690 2484 orbis
711 2427 776 2506 agi-

97 2519 190 2572 taret,
210 2512 237 2562 &
255 2503 401 2563 Romanos
407 2524 539 2644 forentes
552 2505 674 2575 videret,
689 2504 780 2583 Apol-

97 2583 185 2724 linei?
207 2584 332 2643 debello
351 2607 405 2644 con
420 2574 499 2645 uiuit.
513 2586 564 2644 Ille
582 2585 714 2668 ambigui
727 2583 781 2646 res·

97 2684 152 2744 POll
177 2686 200 2723 ll
216 2688 223 2721 Ζ

115 2750 173 2799 Ato
188 2762 227 2798 τε
240 2748 367 2801 AEncror
380 2749 527 2803 Romanos
540 2764 668 2804 VINCERE
685 2728 780 2805 rossa.

98 2834 165 2898 Hoc
188 2837 265 2899 dicio
286 2843 317 2900 in
338 2841 514 2902 voluntatem
536 2843 649 2912 tracto,
676 2839 781 2900 auxilio
