2056 3628
344 262 542 336 Irrue
591 223 621 335 r}
781 287 831 355 13>

182 385 226 448 lta
239 385 341 447 Romae
360 403 508 468 regnatum
524 383 564 446 est
585 406 632 466 per
647 383 754 467 septem
773 405 822 446 re-

138 490 191 553 ges
222 470 304 529 annis
335 466 462 528 ducentis
490 467 677 551 quadraginta
703 468 823 539 tribus,

138 549 206 611 cum
232 547 325 610 adhue
352 549 477 620 Roma,
498 548 548 608 ubi
573 546 749 628 plutimdm,
772 551 821 609 vix

136 629 230 712 usque
256 630 292 690 ad
322 631 452 710 quintum
482 628 626 690 decimum
658 630 821 693 milliarium

139 710 305 793 possideret.

184 792 244 852 lX.
257 792 335 851 Hinc
349 789 490 853 Consules
504 791 613 872 coepdre
623 812 673 872 pro
685 812 744 851 uno
756 809 821 874 rege

137 872 202 933 duo
223 871 277 932 huc
295 870 378 932 causi
397 874 504 945 creari,
528 891 585 943 ut,
598 874 622 933 si
640 894 710 932 unus
730 873 821 933 malus
894 916 898 925 ·

137 951 198 1014 elle
213 949 363 1023 voluiss‘et,
383 954 452 1014 alter
469 974 555 1025 eum,
571 951 677 1013 habens
695 952 820 1034 potesta-

139 1053 202 1096 tem
230 1035 372 1105 similem,
395 1043 533 1094 coerteret
551 1057 558 1092 t
579 1035 618 1094 Et
636 1035 765 1115 placuit,
785 1054 821 1095 ne

139 1116 294 1195 imperium
307 1113 420 1197 longids
433 1112 518 1196 quim
531 1136 657 1174 annuum
671 1113 821 1187 haberent,
904 1134 906 1139 ’

137 1217 180 1259 ue
200 1215 249 1276 per
266 1194 475 1273 diuturnitatem
491 1194 634 1275 potestatis
650 1193 820 1255 insolentio-

138 1297 188 1337 res
202 1276 401 1347 redderentur,
422 1274 470 1336 sed
483 1276 578 1335 civiles
599 1273 707 1355 semper
717 1273 820 1348 ellent,

139 1359 195 1439 qui
213 1355 242 1416 se
259 1354 322 1436 post
330 1378 437 1417 armum
457 1355 559 1416 scirent
571 1355 678 1416 futuros
698 1353 750 1417 else
763 1359 820 1438 pri·

124 1458 237 1499 ‚vatou
255 1439 375 1497 Fuerunt
393 1441 403 1497 i
424 1439 480 1497 itur
494 1458 570 1497 anno
587 1439 700 1518 primo,
719 1439 819 1518 expul-

137 1522 181 1581 sis
190 1519 317 1603 regibus,
326 1458 483 1588 condus,
494 1519 595 1578 Lucius
603 1520 819 1590 luniusBrums,

136 1605 220 1681 (qur
236 1601 360 1661 maximi
378 1618 472 1683 egerat
493 1617 524 1660 ut
542 1597 712 1681 Tarquinius
731 1600 820 1680 pelle-

135 1700 240 1752 retur,
257 1688 273 1754 )
291 1689 318 1739 &
339 1679 511 1821 Tarffuinius
531 1680 717 1751 Collatmus‚
739 1683 824 1741 mari·

138 1780 186 1821 tus
201 1762 344 1821 Lucretiae.
363 1761 397 1821 Se
429 1760 489 1820 Tar
528 1764 587 1820 inio
600 1760 749 1822 Collatino
767 1760 823 1822 sta-

140 1845 196 1901 tim
214 1841 325 1902 sublata
343 1842 467 1924 dignitas
483 1860 497 1900 e
541 1865 548 1897 t
566 1842 708 1922 placuerat
723 1843 799 1901 enim
810 1887 823 1913 ,

138 1943 181 1985 ne
196 1920 351 2004 quisquam·
368 1925 398 1983 in
416 1922 498 1984 Urbe
514 1940 661 1991 muneret,
678 1923 728 2002 qui
747 1922 821 1981 Tur*

139 2006 257 2086 quiuius
271 2022 424 2064 vocaretur.
437 2003 478 2064 Er
497 2024 539 2075 o,
554 2021 669 2083 accepto
681 2004 763 2063 omni
775 2023 823 2083 pa·

139 2087 280 2147 trimonio
296 2083 348 2144 suo
361 2130 374 2154 ,
397 2086 472 2145 exU
506 2085 693 2165 emigravit:
712 2092 739 2144 δι
755 2084 821 2144 loco

139 2168 154 2227 i
176 2169 231 2225 sius
252 2165 343 2227 faetus
367 2165 405 2225 est
421 2165 552 2226 Valerius
572 2165 719 2226 Publicola
739 2163 823 2226 Con·

158 2248 196 2306 ul.
210 2247 381 2308 Commovit
399 2266 495 2307 tamen
515 2245 622 2307 bellum
639 2246 702 2305 urbi
721 2245 822 2305 Roma:

139 2348 192 2389 rex
211 2324 408 2409 Tarquinius,
434 2330 484 2408 qui
507 2327 597 2389 fuerat
617 2325 743 2406 expulsus
765 2349 772 2383 ε
794 2334 821 2385 dr

140 2409 269 2470 collectis
291 2409 387 2469 multis
415 2409 571 2502 gentibus,
594 2426 627 2469 ut
650 2408 682 2467 in
702 2426 822 2490 regnum

142 2486 233 2571 pollet
247 2487 377 2560 restitui,
396 2488 550 2561 drmicavit,

183 2569 221 2628 X.
242 2569 277 2628 ln
302 2569 394 2651 primi
417 2567 512 2653 pugni
531 2571 631 2629 Brutus
655 2564 768 2628 Consul
794 2575 822 2627 &

134 2651 234 2715 Amos
252 2650 404 2731 Tarquinii
418 2648 490 2711 lilius
503 2696 514 2720 ,
530 2651 653 2709 inuitem
667 2646 696 2707 se
710 2647 821 2708 occide»

138 2751 215 2794 runt.
235 2731 362 2790 Romani
384 2749 479 2791 tamen
502 2752 536 2791 ex
557 2728 590 2790 ei
609 2728 704 2813 pugni
716 2731 820 2791 ‚vittov

134 2833 186 2876 tet
201 2809 374 2876 reeeffetunt.
387 2812 503 2877 Brutum
515 2811 654 2877 Romane
667 2829 821 2883 matrona,
