1982 3614
138 318 196 368 ur
215 299 334 370 Vrars
351 317 638 372 innueramus,
666 324 734 389 217

44 422 120 483 dam
132 420 287 491 Sullanos,
304 419 433 480 libertate
448 418 661 501 perstrinxerat,
682 421 737 482 sol·

44 505 168 565 licitatis
183 499 286 562 Pisone
300 510 327 561 δι
338 501 465 562 Gabinio
477 500 672 574 Consulibus,
687 506 738 584 qui
790 577 793 582 Ι

44 582 260 644 Macedoniam
282 582 436 664 Asiamque
454 586 611 664 provincias
634 586 663 643 in
681 583 734 643 sti-

44 663 193 744 pendium
211 661 297 743 operd
316 660 397 742 hujus
416 683 597 741 acceperant,
619 667 649 724 in
664 668 738 726 exsi-

45 748 124 806 lium
144 746 223 803 adius
234 767 244 813 3
269 763 337 803 mox
361 741 422 823 ipso
444 741 581 803 referente
598 744 736 825 Pompeio

46 827 161 894 rediit,
178 844 298 905 eumque
309 824 386 883 civili
396 824 472 883 bello
484 822 591 885 secutus
606 823 652 886 est.
668 828 737 904 Quo

45 910 132 967 vieto
146 950 158 973 ,
187 906 300 964 veniam
326 901 343 963 *a
366 903 476 965 Caesare
505 903 579 965 ultrd
605 912 712 988 accepit
725 930 736 981 ς

46 1009 111 1069 quo
127 984 278 1045 interfecto
290 983 448 1069 Augustum
463 985 558 1057 fovit,
578 986 738 1049 Antonium

48 1066 167 1127 hostem
190 1065 338 1146 judicavit.
361 1064 399 1125 Et
422 1064 486 1126 ctlm
510 1067 685 1128 Triumviros
709 1067 738 1128 se

48 1144 205 1215 fecissent,
223 1143 341 1218 Caesat,
361 1147 500 1227 Lepidus,
517 1147 747 1230 Antoniusque,

49 1226 211 1289 concordia
237 1249 295 1287 non
327 1227 408 1286 aliter
434 1227 495 1287 visa
522 1225 561 1285 est
587 1230 658 1288 inter
690 1250 738 1289 eos

48 1313 138 1393 jungi
159 1305 260 1388 polle,
281 1310 337 1367 nisi
349 1306 461 1367 Tullius
480 1328 644 1380 necaretur;
666 1311 736 1390 qui,

50 1390 192 1451 immissis
216 1389 251 1461 ab
275 1389 405 1448 Antonio
428 1383 649 1469 percussoribus,
674 1388 737 1451 crim

51 1473 130 1531 forte
152 1469 274 1528 Formiis
297 1467 472 1550 quiesceret,
498 1471 648 1530 imminens
673 1475 735 1530 exi-

51 1556 128 1613 tium
144 1553 225 1609 corvi
239 1548 361 1629 auspicio
375 1549 496 1621 didicit,
518 1560 545 1611 δι
557 1550 668 1634 fugiens
682 1573 736 1613 oc·
793 1558 794 1562 ’

52 1632 131 1693 cisus
149 1628 198 1689 est.
215 1629 312 1711 Caput
329 1630 366 1690 ad
381 1632 537 1691 Antonium
556 1633 684 1692 relatum.

93 1710 251 1773 LXXXll.
275 1711 389 1771 Marcus
407 1713 504 1772 Brutus
523 1715 652 1773 avunculi
672 1713 736 1774 Ca-

52 1797 134 1855 tonis
160 1795 307 1863 imitator,
343 1790 462 1852 Athenis
489 1791 703 1873 Philosophiam
725 1840 737 1863 ,

53 1868 158 1935 Rhodi
187 1873 377 1953 eloquentiam
406 1873 514 1933 didicit.
553 1872 738 1954 Cytheridem

54 1960 183 2017 mimam
199 1975 262 2011 cum
276 1955 404 2014 Antonio
418 1963 445 2014 dt
459 1953 546 2015 Gallo
560 1952 643 2031 poeti
659 1975 740 2014 ama·
828 1966 834 1971 ‘

53 2042 105 2099 vit.
131 2031 262 2114 Quaestor
276 2037 307 2095 in
324 2035 450 2094 Galliam
489 2031 608 2094 toficisci
626 2036 739 2108 noluit,

55 2117 140 2200 qudd
165 2118 189 2175 is
209 2116 291 2175 bonis
309 2116 441 2175 omnibus
465 2056 637 2195 displicebat.
660 2116 739 2177 Cum

54 2200 157 2281 Appio
172 2195 297 2257 Claudio
313 2199 342 2254 in
356 2194 461 2255 Cilicii
476 2195 550 2266 fuit3
570 2206 597 2256 ὃ(
615 2196 677 2256 crim
692 2198 739 2257 ille

57 2276 278 2360 repetundarum
298 2275 494 2350 accusaretur,
518 2275 628 2356 ipsene
652 2278 740 2336 verbo
790 2288 794 2297 ‘

56 2360 178 2442 quidem
199 2357 351 2416 infamatus
373 2355 420 2416 est.
442 2358 532 2418 Civili
550 2358 625 2418 bello
642 2354 739 2418 lca-

57 2462 129 2502 tone
153 2461 188 2498 ex
206 2435 311 2498 Cilicia
332 2441 484 2508 retractus,
504 2438 671 2517 Pompeium
692 2435 743 2496 se·

57 2532 143 2582 cutus
161 2519 201 2579 est
223 2541 230 2575 ε
273 2539 310 2576 uo
331 2520 434 2589 vitio,
462 2520 574 2578 veniam
594 2516 612 2575 ὲ
631 2514 754 2577 Caesare

58 2603 194 2682 accepit,
218 2608 246 2659 ὃ(
287 2598 417 2658 roconsul
433 2598 559 2658 Galliam
579 2599 672 2667 texit3
697 2617 741 2658 ta-

59 2705 129 2744 men
147 2703 212 2741 cum
227 2680 290 2738 aliis
303 2681 452 2757 conjuratis
465 2681 494 2738 in
511 2677 587 2736 curia
597 2676 740 2740 Caesarem

59 2763 179 2824 occidit.
207 2762 246 2821 Et
270 2759 309 2818 ob
329 2759 465 2819 invidiam
489 2779 684 2819 veteranorum
709 2763 740 2821 in

59 2844 269 2907 Macedoniam
287 2837 400 2912 missus,
421 2840 456 2902 ab
468 2837 595 2924 Augusto
595 2843 640 2980 Kin
656 2861 737 2902 caur-
