1982 3614
181 300 238 352 Da
258 282 377 353 Vnus
393 294 683 350 manaremus
715 300 780 366 ¹97

95 404 203 462 excitus
227 446 239 471 ,
264 399 473 480 Thermopylas
499 402 649 480 occupavit
670 422 680 470 3
707 399 782 459 unde

92 480 232 542 industrii
248 482 342 541 Marci
360 481 481 541 Catonis
498 485 620 560 ejedius,
635 484 664 539 in
681 480 783 539 Asiam

92 563 157 623 refu
179 565 210 622 it.
236 562 343 622 Navali
370 562 487 641 ptaelio,
511 564 556 621 cui
585 561 782 622 Hannibalem

92 585 276 724 praeliceaat,
294 640 311 702 *a
328 642 363 701 L.
377 641 502 701 AEmilio
517 642 651 724 Regillo,
667 639 781 721 supera-

92 743 138 784 tus
149 771 159 797 ,
170 722 272 783 lilium
294 723 434 802 Scipionis
455 721 608 793 Africani,
631 744 716 803 quem
735 725 781 784 in-

92 823 135 864 ter
161 803 358 887 navigandum
385 823 517 883 ceperat,
545 806 616 884 patri
642 806 779 875 remisit,

90 888 144 965 qui
158 887 186 942 ei
199 930 207 955 ,
222 886 303 965 quasi
319 904 370 964 pro
387 883 529 944 reddendis
546 882 654 966 gratid,
673 881 779 955 suasit,

92 985 124 1024 ut
150 966 309 1024 amicitiam
333 964 496 1024 Romanam
518 983 647 1044 peteret:
668 964 778 1024 Antio-

92 1043 165 1105 chus
179 1044 272 1124 spreto
286 1045 406 1104 consilio
423 1044 498 1124 apud
508 1045 637 1125 Sipylum
650 1064 780 1109 montem

92 1147 160 1185 cum
175 1127 209 1186 L.
224 1127 357 1204 Scipione
371 1128 505 1184 conflixit.
524 1126 626 1185 Vistus
635 1166 646 1196 ,
662 1133 689 1185 &
708 1127 779 1189 ultra

92 1206 225 1266 Taurum
246 1225 374 1265 montem
392 1207 554 1289 relegatus,
575 1228 592 1266 a
614 1204 779 1278 sodalibus,

93 1309 167 1369 quos
195 1288 364 1348 temulentus
388 1289 419 1347 in
443 1288 576 1349 convivio
597 1284 754 1367 pulsaverat
766 1324 778 1360 ,

92 1366 205 1429 occisus
227 1366 273 1428 eiln

134 1449 206 1508 LV.
222 1448 332 1510 Cnaeus
352 1446 480 1509 Manlius
502 1447 596 1509 Vulso
619 1446 777 1524 (Consul)

90 1527 191 1589 missus
217 1528 255 1589 ad
282 1529 469 1589 ordinandam
498 1531 637 1610 Scipionis
658 1532 778 1590 Asiatici

92 1611 270 1690 provinciam
283 1656 293 1678 ,
308 1611 438 1690 cupidine
456 1610 592 1690 triumphi
607 1611 713 1670 bellum
728 1611 778 1669 Pi-

92 1690 161 1751 sidis
178 1700 207 1752 ὃ(
224 1690 312 1752 Gallo
333 1693 431 1761 raetis,
468 1694 497 1750 ui
516 1689 662 1752 Antiocho
681 1689 778 1757 adsueff

91 1790 178 1841 tant,
200 1772 303 1831 intulit.
313 1712 380 1831 gHis
392 1770 460 1830 facil
498 1775 598 1843 vistis,
617 1775 688 1831 inter
709 1792 776 1851 cap-

92 1854 168 1912 tivos
190 1873 262 1911 uxor
279 1851 321 1910 Re
343 1854 366 1912 is
395 1851 575 1933 Ortiagontis
604 1851 776 1915 Centurioni

9 2008 10 2013 ἵ
92 1934 208 1992 cuidam
228 1933 259 1991 in
280 1873 435 1992 cusodiam
455 1932 541 2003 data,
559 1930 576 1990 lt
594 1952 653 2011 quo
672 1934 702 1991 vi
720 1929 778 1990 stu-

91 2032 172 2093 prata
184 2060 196 2084 ,
217 2012 252 2072 de
270 2012 371 2091 injurii
384 2015 471 2073 tacuit
486 2035 492 2069 :
506 2022 533 2073 δι
549 2009 612 2093 post
628 2010 777 2091 impetratis

91 2094 290 2162 redemtione,
311 2096 414 2153 marito
428 2093 584 2154 adulterum
600 2092 776 2159 interficien-⁸

92 2174 162 2234 dum
184 2173 307 2235 tradidit.

132 2253 224 2315 LVI.
251 2252 355 2314 Lucius
376 2255 488 2314 Paullus
510 2254 674 2326 AEmilius,
700 2253 774 2315 filius

91 2339 173 2413 ejus,
199 2336 249 2416 qui
276 2334 351 2414 apud
383 2334 499 2395 Cannas
528 2337 652 2406 cecidit,
700 2338 775 2395 rimo

91 2414 261 2483 consulatu,
276 2435 360 2495 quem
377 2414 438 2494 post
451 2435 504 2475 tres
520 2437 548 2474 re
569 2413 642 2476 ullas
660 2356 776 2495 adeptus

91 2515 179 2566 etat,
205 2497 239 2555 de
265 2495 416 2577 Liguribus
445 2438 637 2575 triumplavit.
669 2496 775 2555 Rerum

90 2573 232 2658 gestarum
246 2575 375 2636 ordinem
387 2578 417 2636 in
431 2574 528 2636 tabuld
543 2578 648 2655 pistum
663 2576 775 2654 publicd

90 2654 196 2735 posuit.
216 2653 320 2716 Itenim
341 2655 454 2718 Consul
474 2653 574 2717 Persen
593 2653 718 2736 Philippi
738 2654 774 2715 fi-

91 2736 183 2808 lium,
195 2756 291 2820 regem
301 2737 511 2808 Macedonum,
522 2736 597 2816 apud
607 2735 773 2797 Samothra-

90 2836 138 2880 cas
156 2820 250 2899 cepit,
271 2838 356 2900 quem
373 2820 480 2881 vidum
496 2819 573 2880 flevit
580 2862 594 2959 ἰ
612 2826 640 2878 &
656 2819 773 2881 assidere

617 2918 648 2980 ιι]
710 2962 714 2969 ,
