1982 3614
229 177 301 260 276
378 169 750 248 Aun.V1cT0n

228 290 334 377 gesque
352 298 379 351 &
397 293 491 353 aulam
509 294 627 376 regiam.
644 292 729 353 Adeo
747 296 855 366 vistot,
877 315 906 355 ut

230 375 262 434 ni
275 373 429 441 Valerius,
445 377 521 450 cujus
534 393 602 433 nutu
616 377 715 434 omnia
729 377 903 457 gerebantur,

230 457 367 515 incertum
396 451 452 534 qui
479 453 581 524 causi,
608 452 764 527 abnuisset,
785 457 904 516 Romani

231 533 321 594 fasces
333 536 364 593 in
381 536 556 614 provinciam
569 556 676 595 novam
694 535 832 597 ferrentur.
846 538 875 596 V
876 558 903 594 e-

232 612 294 674 nim
306 636 367 695 pars
381 635 514 675 terrarum
528 636 623 676 tomen
635 616 719 677 nobis
732 619 825 677 utilior
838 638 903 698 quae·

233 697 286 756 sita
302 719 312 766 3
354 716 395 755 uae
409 693 472 755 cum
486 699 574 758 acrius
589 695 786 776 reposcuntur,
805 698 902 757 bellum

233 717 499 856 recensiusceptum
513 776 571 848 est,
588 799 671 852 grave
685 778 839 838 admodum
851 799 903 858 per-

232 855 438 938 niciosumque.
458 859 498 918 At
517 861 546 917 in
563 857 693 940 AEgypto
707 856 848 919 Achilleus
864 857 902 918 fa-

236 939 284 997 cili
303 941 419 1022 negotio
440 936 554 1018 pulsus,
573 959 670 1018 poenas
684 940 744 999 luit.
763 940 814 1000 Per
828 938 901 999 Afri-

236 1040 301 1078 cam
321 1017 401 1102 gestae
418 1040 460 1078 res
479 1023 539 1099 pari
554 1019 642 1078 modo
657 1043 666 1090 3
685 1018 793 1101 solique
808 1020 904 1082 Carau-

237 1102 280 1161 sio
297 1097 438 1160 remissum
459 1099 557 1160 Insulae
576 1102 749 1180 imperium,
767 1100 903 1183 postquam

232 1182 320 1262 ¹jussis
333 1204 365 1240 ac
380 1184 557 1243 munimento
569 1183 725 1242 incolarum
740 1201 834 1242 contra
846 1202 906 1264 geu·

238 1281 279 1323 tes
301 1260 448 1322 bellicosas
469 1266 653 1343 opportunior
678 1259 799 1322 habitus.
819 1264 902 1339 Quem

237 1341 305 1405 sano
319 1341 467 1403 sexcennio
481 1340 542 1422 post
554 1343 680 1402 Alledius
693 1344 828 1415 nomine,
845 1343 903 1402 dolo

238 1426 430 1485 circumvenit.
452 1424 513 1501 Qui
535 1420 597 1482 crim
617 1429 675 1504 ejus
693 1422 820 1504 permiffu
838 1421 903 1483 sunt-

234 1525 294 1573 mae
306 1506 346 1564 rei
360 1502 500 1585 praeeiset,
521 1506 557 1564 fla
578 1507 692 1565 itiorum
705 1514 733 1565 δι
746 1505 785 1564 ob
798 1526 829 1565 ea
839 1524 904 1563 mor·

239 1585 275 1645 tis
293 1585 465 1656 formidine,
486 1606 533 1666 per
551 1526 638 1647 igcelus
658 1587 806 1665 imperium
824 1605 904 1645 extor-

240 1664 320 1729 serat.
342 1666 410 1743 Quo
429 1664 509 1726 usum
524 1668 623 1737 brevi,
645 1665 845 1738 Constantius,
859 1661 909 1724 As··
962 1694 963 1709 t

239 1746 402 1828 ¹clepiodoto
414 1795 424 1820 ,
438 1751 487 1829 qui
498 1748 674 1809 Praetorianis
685 1746 829 1808 Praefestus
842 1767 901 1827 prae·

241 1849 322 1900 erar,
344 1850 407 1889 cum
427 1848 502 1909 parte
522 1827 614 1889 classis
634 1849 666 1888 ac
686 1828 830 1909 legionum
846 1846 903 1908 prae·

242 1907 342 1981 mitio,
353 1910 464 1970 delevit.
476 1910 515 1969 Et
525 1909 630 1968 interei
641 1912 702 1969 caesi
708 1908 902 1976 Marcomanni,

172 1990 174 1993 ’
242 1989 457 2072 Carporumque
476 1993 554 2050 natio
571 1992 699 2050 transsata
713 1992 845 2051 omnisin
859 2009 903 2047 no·

242 2069 327 2133 strum
347 2070 460 2141 solum,
482 2077 559 2150 cujus
575 2070 632 2131 feru
653 2090 713 2149 pars
730 2076 788 2150 jam
806 2091 859 2130 tum
873 2068 901 2129 ab

243 2151 398 2213 Aureliano
412 2171 478 2211 etat.
496 2152 598 2233 Neque
615 2154 723 2212 minore
738 2151 826 2212 studio
841 2151 901 2231 pacis

243 2232 337 2292 officia
360 2234 454 2293 Vindia
479 2234 586 2315 legibus
610 2234 797 2315 aequissimis,
821 2252 849 2292 ac
868 2250 901 2290 re·

160 2334 162 2338 ·
244 2334 325 2373 moto
352 2311 489 2393 pestilenti
517 2312 764 2375 fmmentariorum
791 2332 899 2397 genere,

231 2429 233 2435 ν
265 2415 366 2455 uorum
378 2415 453 2455 nunc
467 2413 582 2477 agentes
594 2415 685 2455 retum
699 2394 832 2456 simillimi
844 2391 899 2452 sunt

244 2417 305 2557 {ui
321 2475 384 2538 crim
406 2476 442 2536 ad
463 2475 664 2556 explorandum
684 2475 899 2535 annuntiandum·

246 2579 324 2639 que,
348 2559 398 2638 qui
414 2556 486 2617 forti
505 2559 534 2616 in
553 2557 702 2636 provinciis
721 2576 811 2618 motus
825 2552 900 2615 existo

245 2657 330 2710 rent,
349 2636 466 2699 instituti
484 2637 664 2708 viderentur,
685 2639 844 2718 compositis
860 2653 897 2694 ne·

245 2718 319 2783 fario
332 2720 589 2792 criminationibus,
601 2721 705 2800 injecto
718 2721 817 2799 passim
831 2732 896 2781 meru,
911 2746 914 2753 ·

383 2814 390 2841 f
