2010 3616
205 268 424 340 Eurnorrr
449 270 596 341 Lines
621 269 689 338 IX.
721 290 789 339 101.

101 387 204 460 diens,
224 388 301 450 haud
319 390 407 472 longe
425 387 442 448 ὲ
459 389 600 450 Romanis
617 388 721 450 finibus
738 392 787 450 in⁴

101 470 236 532 terfestus
250 470 289 530 est
309 470 405 531 fraude
419 467 564 551 Philippi,
583 473 632 551 qui
643 469 705 551 post
723 492 789 531 eum

103 554 264 633 imperavit.
279 551 366 611 Miles
379 554 405 611 ei
419 554 558 611 tumulum
570 555 710 635 vigesimo
722 554 790 612 mil-

103 634 188 695 liario
209 632 226 692 *a
242 630 391 704 Circello,
430 633 488 692 uod
504 627 622 692 castrum
641 656 715 694 nunc
729 635 789 694 Ro-

103 735 258 775 manorum
277 711 340 785 est,
360 653 500 795 Eupihrati
520 714 692 787 imminens,
713 714 786 775 aedi-

103 790 225 866 ficavir3
246 792 391 876 exsequias
408 795 535 855 Romam
552 797 658 856 revexit
672 820 679 852 z
695 795 788 877 ipsum

103 875 217 937 Divum
235 877 396 957 appellavit.

146 957 200 1018 ΙΙΙ.
215 955 340 1038 Philippi
354 955 432 1028 duo,
451 954 524 1017 lilius
544 979 577 1017 ac
595 977 689 1038 pater,
707 954 787 1020 Got-

105 1036 194 1098 diano
215 1036 333 1111 occiso,
356 1038 505 1119 imperium
524 1034 685 1100 invaserunt
708 1062 715 1096 ε
735 1059 785 1100 ar-

105 1141 183 1199 que,
203 1121 324 1179 exercitu
344 1120 482 1179 incolumi
504 1119 640 1189 seduno,
662 1119 699 1179 ad
722 1120 785 1181 lta·

104 1200 176 1260 liam
201 1201 216 1258 ὲ
234 1202 314 1280 Syria
338 1200 455 1281 profesti
477 1198 547 1264 sunt.
568 1200 623 1260 His
639 1202 785 1282 imperan-

104 1281 201 1353 tibus,
223 1283 389 1342 millesimus
409 1303 500 1342 annus
519 1280 620 1344 Romae
639 1280 714 1341 urbis
735 1284 784 1344 in-

105 1365 185 1445 genti
204 1363 336 1423 ludorum
355 1382 489 1443 apparatu
508 1360 787 1444 spestaculorumque

104 1444 260 1504 celebratus
279 1441 326 1503 est.
352 1443 450 1504 Ambo
474 1442 574 1502 deinde
602 1444 639 1504 ab
665 1447 787 1521 erereiru

104 1524 246 1584 interfeeli
265 1523 329 1585 sunt
350 1548 356 1582 :
375 1522 468 1585 senior
482 1521 627 1605 Philippus
643 1526 787 1599 Veronae,

104 1604 207 1666 Romae
223 1608 327 1685 junior.
356 1606 448 1666 Annis
471 1608 595 1687 quinque
623 1609 783 1686 imperave-

104 1707 196 1761 runt:
221 1688 292 1746 inter
309 1687 401 1747 Divos
420 1707 515 1747 tamen
535 1687 615 1746 relati
634 1684 707 1748 sunt.

146 1766 202 1827 IV.
226 1766 292 1827 Post
311 1765 363 1827 hos
383 1768 489 1828 Decius
508 1768 522 1826 ὲ
541 1769 690 1829 Pannonia
705 1766 783 1829 infe-

103 1847 177 1906 riore
203 1848 327 1908 Budaliae
346 1869 452 1919 natus,
481 1846 630 1927 imperium
657 1847 786 1927 sumpsit.

102 1924 216 1989 Bellum
230 1930 333 2000 civile,
349 1929 427 2010 quod
439 1931 469 1989 in
483 1927 580 1989 Gallie
598 1948 709 1988 motum
723 1929 788 1988 fue-

102 2028 170 2080 rat,
192 2011 328 2091 oppressit
348 2033 354 2067 :
374 2009 465 2071 filium
486 2006 566 2069 suum
582 2008 723 2070 Caesarem
741 2008 786 2070 fe·

103 2091 153 2147 cit.
165 2090 267 2150 Romae
277 2094 421 2151 lavacrum
439 2089 595 2152 aedificavit.
611 2089 690 2152 Crlm
703 2092 786 2152 bien-

103 2171 155 2228 nio
174 2168 234 2251 ipse
256 2181 283 2232 &
300 2169 373 2231 filius
394 2168 570 2251 imperalffent
584 2219 596 2243 ‚
619 2192 733 2254 uterque
755 2175 786 2233 in

104 2249 417 2313 barbarico‘interfesti
440 2252 527 2325 sunt,
553 2263 580 2314 &
600 2255 672 2314 inter
694 2255 789 2314 Divos

100 2331 193 2394 relati.

145 2414 186 2474 V.
205 2413 279 2474 Mox
298 2414 482 2495 Imperatores
501 2418 584 2475 creati
605 2414 669 2476 sunt
680 2461 690 2484 ‚
703 2412 800 2476 ‘Gal‘

99 2493 146 2553 lus
167 2493 345 2558 Hostilianus
363 2505 390 2556 &
408 2496 487 2556 Galli
507 2495 581 2555 filius
599 2497 784 2556 Volusianus.

101 2572 163 2653 Sub
186 2573 231 2636 liis
250 2576 424 2637 AEmilianus
444 2579 474 2638 in
500 2575 607 2637 Moesia
626 2596 669 2636 res
696 2596 785 2636 novas

100 2657 221 2733 molitus
238 2654 277 2716 est
299 2682 306 2715 ε
328 2657 365 2717 ad
381 2679 466 2739 quem
483 2655 700 2738 opprimendum
714 2653 785 2719 *cum

98 2737 192 2797 ambo
206 2737 326 2819 profesti
340 2735 443 2810 ellent,
461 2740 627 2799 Interamnae
644 2736 785 2799 interfesti

96 2816 196 2891 sunt,
234 2841 293 2882 non
332 2821 476 2901 completo
508 2820 624 2880 biennio
662 2845 670 2888 f·
711 2817 785 2882 nihil

583 2901 660 2981 Eiij
