2010 3616
226 202 291 291 178
375 198 496 270 Aure.
525 201 737 271 Vrcroa

218 323 328 405 ¹Legati
349 321 444 381 Deum
464 318 618 393 vehentes,
641 320 762 381 Antium
783 323 906 400 provedli
990 362 992 377 r

225 397 291 468 sunt
316 427 322 461 ε
345 403 395 462 ubi
420 424 467 480 per
493 403 645 473 mollitiam
672 403 782 473 matis,
807 405 906 484 anguis

216 488 387 569 ‚proximum
400 482 559 563 AEsculapii
572 482 671 543 sanum
685 485 788 563 petiit,
805 492 833 544 &
845 480 907 562 post

228 588 331 649 paucos
349 564 408 624 dies
426 565 462 625 ad
484 585 586 626 navem
604 565 710 636 rediit3
729 574 757 624 &
777 563 841 624 crim
861 563 908 623 ad-
991 566 992 569 ’

227 646 308 710 verso
328 646 427 716 Tiberi
447 643 668 716 subveheretur,
695 648 725 705 in
749 650 908 726 proximam

226 727 348 790 insulam
369 726 503 797 desiluit,
526 728 575 787 ubi
594 725 731 806 templum
754 730 781 786 ei
801 725 906 786 consti-

218 829 319 875 ‚tutum
329 854 339 881 ,
353 817 381 868 &
397 807 552 889 pestilentia
570 807 642 868 mird
660 809 799 875 celeritate
817 807 909 868 sedata
991 830 992 849 ³

225 890 272 951 est.
905 914 907 917 ·

269 969 397 1035 XXIII.
421 971 518 1029 furius
536 969 679 1031 Camillus
703 968 768 1030 crim
788 968 909 1030 Faliscos

220 1054 391 1130 obsideret,
405 1070 437 1110 ac
456 1051 515 1110 ludi
530 1052 657 1111 litterarii
670 1050 821 1134 magister,
836 1053 910 1111 Prin-

222 1140 325 1217 ¹cipum
351 1131 424 1193 lilios
447 1132 482 1190 ad
509 1154 571 1192 eum
591 1130 766 1204 adduxisset,
785 1137 909 1193 vinsium

232 1238 296 1276 eum
315 1214 414 1275 iisdem
428 1216 518 1293 pueris
532 1217 561 1272 in
574 1214 672 1273 urbem
687 1215 872 1297 redigendum
885 1222 910 1273 &

231 1295 436 1359 verberandum
454 1293 577 1353 tradidit.
600 1295 702 1354 Statim
720 1295 824 1355 Falisci
840 1295 869 1356 se
886 1296 911 1352 ei

232 1380 272 1437 ob
291 1396 398 1448 tantam
414 1373 548 1453 justitiam
569 1374 741 1436 dediderunt.
757 1378 851 1438 Veios
864 1377 910 1435 de·

233 1461 317 1518 cenni
341 1457 489 1516 obsidione
507 1456 640 1527 domuit,
655 1457 744 1537 deque
758 1456 802 1517 his
816 1462 912 1518 trium-

232 1539 340 1620 phavit.
366 1535 551 1598 Postmoddnr
583 1535 623 1595 est
649 1540 762 1601 crimini
789 1539 887 1599 datum
900 1552 920 1607 ,'

232 1619 312 1701 qudd
330 1618 399 1678 albis
419 1622 495 1698 equis
513 1615 726 1699 triumphasset,
745 1629 772 1679 &
792 1621 913 1699 praedam

225 1705 274 1765 ,ini
296 1700 329 1759 ud
357 1697 488 1759 divisisset
512 1723 521 1770 3
543 1701 589 1760 die
611 1698 688 1761 dissi
712 1702 747 1759 ab
774 1702 913 1781 Appuleio

227 1724 364 1846 Trilruno
385 1782 497 1861 plebis,
521 1781 689 1852 damnatus,
703 1782 830 1843 Ardeam
851 1806 915 1842 con·

225 1868 324 1935 ‚cessit
350 1863 424 1922 Mox
450 1860 513 1922 crim
539 1863 618 1927 Galli
643 1864 791 1936 Senones,
813 1866 915 1925 relistis

233 1948 273 2005 ob
292 1944 464 2005 sterilitatem
485 1947 558 2026 agris
582 1942 656 2015 suis,
676 1944 809 2005 Clusium
829 1946 914 2005 ltrliae

234 2027 370 2108 oppidum
388 2024 569 2095 obsiderent,
582 2028 658 2086 missi
670 2023 735 2085 sunt
747 2024 844 2086 Rom&
863 2046 914 2087 tres

225 2109 341 2175 fabii,
365 2108 414 2185 qui
435 2106 535 2166 Gallos
556 2126 726 2177 monerent,
745 2126 777 2173 ut
799 2108 836 2167 ab
858 2129 912 2188 op-

228 2189 407 2271 pugnatione
425 2185 592 2247 desisterent.
609 2188 653 2247 Ex
671 2185 715 2248 his
733 2209 804 2251 unus
818 2208 913 2248 contra

234 2274 278 2350 jus
298 2270 433 2352 gentium¹
444 2270 473 2327 in
490 2271 579 2328 aciem
600 2272 753 2348 processit,
767 2279 796 2329 &
816 2269 912 2329 ducem

235 2352 380 2411 Senonum
398 2349 546 2411 interfecit.
568 2350 638 2427 Quo
657 2354 798 2417 commoti
815 2351 910 2420 Galli,

235 2436 327 2513 petitis
349 2434 377 2490 in
400 2429 572 2493 deditionem
598 2432 697 2514 legatis
710 2477 722 2500 ,
745 2453 797 2491 nec
821 2435 910 2511 impe-

235 2518 340 2584 tratis,
367 2511 493 2573 Romana
519 2516 684 2592 petierunt,
710 2521 738 2572 &
764 2517 912 2574 exercitum

234 2597 399 2655 Romanum
426 2595 499 2674 apud
522 2597 629 2655 Alliam
656 2596 774 2653 fluvium
803 2595 910 2653 cecide·
989 2620 990 2669 g

234 2698 317 2749 runt,
339 2676 384 2736 die
402 2696 473 2735 xvr.
493 2677 610 2736 Kalend.
625 2672 768 2756 Augusti,
790 2681 842 2755 qui
859 2676 912 2735 dies
989 2680 990 2711 l

234 2759 305 2819 inter
337 2753 458 2818 nefastos
488 2759 621 2829 relatus,
648 2757 782 2817 Alliensis
815 2758 909 2819 didus.
