1982 3614
160 301 233 353 na
266 260 603 357 CAEtAaraurss
656 296 723 373 267

46 405 138 467 reliani
151 427 201 488 per
215 407 326 466 litteras
340 407 497 486 praesidium
513 407 726 488 imploraverat,

47 491 121 570 eique
146 488 344 560 adventanti,
375 486 509 568 produt’ti
537 488 574 550 ad
605 487 727 570 speciem

48 571 122 640 acie,
142 573 215 630 inter
234 588 363 651 pugnam
384 567 412 628 se
432 569 518 630 dedit.
540 571 606 640 Ita,
627 573 669 630 uti
689 572 737 629 rei

50 653 117 709 tiore
133 651 214 710 nullo
237 649 333 720 solet,
355 650 459 710 turbati
475 649 587 712 ordines
605 653 729 732 oppressi

51 729 115 791 sunt.
135 731 148 790 l
170 730 199 792 se
220 728 287 812 post
311 729 416 790 celsum
438 732 547 792 biennii
564 731 679 813 lmpetii
700 735 731 793 in

51 752 218 892 triumplum
232 811 354 882 durius,
369 811 500 872 Lucaniae
514 812 730 885 Corredturam,

53 889 160 973 filioque
176 896 297 953 veniam
312 912 341 952 at
362 913 396 951 ue
412 890 550 953 bonorem
562 894 732 954 Senatorum

55 977 199 1053 cooptavit.
223 974 329 1054 Neque
342 914 425 1033 lectis
443 976 516 1034 intra
534 976 645 1037 Urbem
667 996 733 1034 mo-
788 984 791 989 ⁴

55 1073 117 1113 neta
134 1053 252 1136 opifices
269 1054 376 1123 deleti,
397 1053 528 1135 quietim
548 1059 661 1116 audiere
680 1056 732 1114 Fe-

57 1131 181 1196 licissimo
199 1134 337 1197 rationali
349 1139 540 1196 nummariam
554 1156 653 1196 notam
667 1156 733 1196 cot-

58 1212 197 1289 rosisseut,
222 1239 315 1298 poenae
344 1235 422 1276 metu
446 1217 554 1276 bellum
580 1215 735 1288 fererant,

59 1292 136 1376 usque
154 1298 189 1359 eb
203 1320 317 1381 grave,
336 1317 367 1358 ut
389 1317 436 1376 pet
458 1297 586 1359 Coelium
605 1317 735 1357 montem

61 1394 108 1436 con
128 1382 212 1450 testi,
239 1378 349 1460 septem
372 1377 429 1438 fere
453 1379 544 1438 millia
567 1379 735 1439 bellatorum

62 1397 231 1520 toalecetint.
251 1461 310 1523 His
325 1478 369 1519 tot
384 1457 525 1540 tantisque
542 1457 669 1540 prospere
686 1479 737 1542 ge-

64 1532 125 1608 stis,
143 1539 242 1601 sanum
258 1541 362 1602 Romae
377 1539 439 1600 Soli
457 1561 504 1600 ma
526 1538 642 1600 nificum
662 1561 736 1601 con-

66 1612 164 1693 stituit,
186 1622 315 1683 donariis
335 1642 438 1682 ornans
458 1562 623 1702 opilentis,
645 1641 679 1681 ac
702 1641 738 1681 ne
811 1645 814 1652 ·

65 1714 203 1778 unquam,
226 1724 292 1785 quae
308 1723 355 1782 pet
375 1701 540 1763 Gallienum
559 1720 708 1762 evenerant
727 1748 739 1771 ,

67 1781 235 1855 acciderent,
256 1786 345 1845 muris
365 1783 476 1844 Urbem
492 1782 578 1863 qulm
598 1782 741 1842 validissi-

69 1860 116 1919 mis
137 1863 245 1937 laxiore
262 1865 374 1925 ambitu
397 1861 611 1962 circumsepsit3
637 1862 740 1921 simul-

70 1956 118 2016 que
134 1942 195 2006 usus
214 1949 337 2027 porcinae
357 1946 469 2015 carnia,
495 1965 554 2023 quo
577 1941 653 2022 plebi
674 1942 741 2002 Ro-

71 2035 152 2082 mane
164 2023 275 2087 affatim
290 2025 397 2085 cederet
407 2048 425 2095 ,·
437 2024 586 2104 prudenter
597 2021 744 2083 munifice-

73 2118 120 2177 (με
144 2106 332 2187 prospectarit
354 2128 364 2180 5
393 2105 544 2188 del'etaeque
575 2101 681 2164 fiscales
715 2114 744 2164 δι

74 2182 333 2267 quadruplatorum,
352 2206 414 2267 quae
425 2187 536 2249 Urbem
550 2183 747 2245 miserabiliter

75 2258 234 2341 affecerant,
255 2269 423 2338 calumnia,
440 2267 613 2346 consumptis
627 2268 689 2348 igni
702 2284 747 2325 ta·

77 2336 162 2430 bulis,
186 2346 383 2411 monumentis
400 2368 433 2407 ue
461 2345 624 2429 hujusmodi
650 2367 745 2428 nego·
800 2401 806 2411 ,

78 2435 171 2486 trorum
186 2453 196 2501 ς
218 2452 304 2513 atque
321 2429 358 2492 ad
375 2370 490 2490 draeciae
510 2448 621 2487 morem
639 2426 750 2486 decretlt

80 2500 246 2584 abolitione,
262 2515 333 2572 inter
350 2531 411 2650 <puae
426 2510 550 2569 avaritia
569 2507 749 2587 peculatum,

81 2589 276 2656 provinciarum
303 2613 356 2674 ptae
376 2610 491 2660 atores,
517 2609 615 2649 contra
641 2606 764 2670 motem¹

82 2665 257 2745 militarium,
276 2692 397 2754 quorum
417 2670 567 2730 enumero
588 2687 668 2741 erat,
688 2671 748 2728 im*

84 2760 157 2806 mane
189 2773 305 2814 uantum
318 2751 512 2813 insectabatur.
526 2750 593 2827 Qui
607 2748 688 2810 causi
697 2754 751 2810 mi·

44 2850 47 2915 j
84 2822 152 2888 nistri
167 2773 286 2906 scelere,
306 2837 351 2896 cui
366 2830 532 2897 secretorum
548 2830 674 2890 officium
690 2853 753 2892 crr-

47 2982 52 3111 ὃ
485 2912 644 3005 ,Mu
