1982 3614
237 236 307 305 254
387 211 512 283 Aur.
541 212 759 295 Vrcron

232 334 407 405 Britannia,
431 335 477 393 cui
494 334 665 394 vocabulum
691 334 800 403 Sicila,
820 335 897 394 truti-

232 415 342 476 daven.
360 414 441 495 Opus
456 416 532 477 Urbi
547 416 774 477 florentissimum
790 417 898 475 celebre·

231 517 289 578 que
306 497 457 556 fabricatus
477 495 516 554 est
533 518 543 566 3
565 494 716 576 matrisque
735 497 828 569 cultu,
845 517 896 578 qua

230 582 348 637 nomine
366 578 522 636 Mammaea
541 596 624 646 erat,
649 578 709 657 plus
730 576 815 658 quiam
855 581 897 637 ius.

230 655 333 719 Adbuc
353 658 517 718 Domitium
536 658 692 737 Ulpianum
712 703 724 726 ,
740 678 824 739 quem
837 599 897 717 lle-

174 778 177 787 ·
230 739 389 823 liogabalus
412 739 586 798 Praetorianis
607 738 790 817 prefecerat,
810 738 898 799 eodem

230 816 339 880 bonore
364 823 504 892 retinens,
528 820 672 901 Pauloque
697 823 772 879 inter
797 821 898 880 exordia

229 906 325 982 patriae
343 900 477 972 reddito,
499 904 566 979 juris
586 902 769 970 aucloribus,
791 921 898 984 quantus

229 1004 297 1077 erga
310 987 433 1063 optimos
448 1003 531 1063 atque
546 986 618 1063 aequi
630 980 721 1042 studio
735 979 821 1053 ell'et,
843 983 899 1041 edo-

229 1084 297 1124 cuit.
316 1065 361 1124 Ne
383 1085 417 1122 ue
437 1064 509 1123 ultra
527 1084 615 1122 annos
634 1063 770 1123 tredecim
785 1065 897 1144 Imperio

229 1143 341 1206 funerus
363 1086 590 1224 llempublicam
621 1146 734 1244 reliquit
769 1142 896 1205 firmatam

229 1227 353 1309 undique
384 1250 391 1284 ε
421 1247 481 1307 quae
505 1231 565 1305 jam
591 1245 652 1285 tuna
678 1247 694 1285 a
721 1225 846 1285 Romulo
868 1225 896 1284 ad

228 1307 397 1388 Septimium
416 1310 541 1367 certatim
561 1307 675 1367 evolans
693 1307 821 1366 Bassiani
839 1328 896 1367 con-

227 1390 319 1461 siliis,
339 1409 485 1469 tamquam
506 1391 536 1447 in
553 1386 667 1448 summo
689 1386 821 1447 constitit,
840 1389 896 1465 Quo

227 1490 264 1528 ne
295 1468 443 1530 confestim
474 1471 641 1540 laberetur,
668 1468 824 1529 Alexandri
846 1469 895 1529 fuit.

227 1547 343 1610 Abhinc
366 1550 434 1610 dum
458 1550 625 1610 dominandi
644 1548 699 1609 suis
719 1548 808 1631 quim
828 1549 894 1611 subi·

227 1631 314 1712 gendi
338 1650 466 1691 externos
493 1635 676 1713 cupientiores
702 1629 767 1691 sunt
790 1677 799 1701 ‚
824 1651 852 1691 at
868 1651 894 1689 ue

225 1713 299 1772 inter
317 1711 345 1773 se
368 1732 535 1783 armantur,
556 1715 647 1795 magis
668 1712 834 1772 Romanum
851 1653 894 1771 lr-

226 1810 287 1857 turn
309 1796 388 1877 quasi
411 1795 530 1874 abrupto
552 1795 782 1876 praeripitavbre,
800 1795 894 1853 immis-
964 1864 965 1873 p

225 1877 305 1957 sique
325 1880 355 1937 in
377 1876 531 1957 imperium
551 1873 709 1956 promiscue
730 1875 802 1934 boni
824 1875 893 1935 mall·
964 1876 965 1895 ²

223 1976 303 2036 que,
323 1956 433 2017 nobiles
456 1977 540 2038 atque
558 1957 720 2051 ignobiles,
744 1977 778 2015 ac
796 1956 892 2015 Barba·
963 1970 964 2003 l

223 2039 272 2096 tiae
293 2040 384 2098 multi.
403 2038 481 2118 Quip
500 2059 515 2096 e
535 2037 585 2096 ubr
607 2040 712 2117 passim
734 2034 893 2116 confusaque
962 2042 963 2047 ’

222 2122 347 2187 omnia,
370 2139 461 2200 neque
475 2059 528 2179 luo
553 2118 679 2178 feruntur
701 2118 820 2187 modo,
845 2118 893 2198 qul·

222 2219 278 2279 que
302 2198 345 2260 fas
366 2214 494 2280 putant,
522 2204 564 2260 uti
583 2220 634 2280 per
654 2199 794 2271 turbam,
812 2215 892 2280 rapere

223 2279 315 2357 aliena
337 2281 460 2352 officia,
487 2302 549 2362 quae
569 2301 665 2364 regere
688 2300 851 2361 nequeunt,
870 2285 891 2336 u

222 2361 370 2424 inscienti&
392 2363 532 2422 bonarum
551 2365 652 2422 artium
675 2361 752 2422 foedt
773 2378 890 2421 corrum-

221 2463 299 2524 punt.
327 2443 370 2505 lta
401 2441 519 2503 fortunae
548 2445 593 2504 vis
617 2444 762 2503 licentiam
791 2445 890 2506 natta,

221 2524 380 2604 perniciosi
395 2524 513 2586 libidine
526 2525 659 2586 mortales
677 2526 759 2662 appr,
778 2543 839 2604 quae
853 2520 892 2578 diu

221 2607 337 2686 quidem
355 2610 481 2676 vinctu
498 2609 540 2666 uti
554 2626 638 2666 muto
655 2627 708 2688 pro
730 2606 820 2675 ibita,
833 2595 892 2683 poll·

221 2706 308 2765 quam
332 2689 403 2767 pene
426 2708 526 2748 omnes
549 2689 663 2770 flagitiis
689 2683 890 2747 subtersunt,

221 2770 305 2826 etiam
326 2767 446 2830 infirmis
467 2789 569 2853 genere
586 2767 772 2849 inlbtutoque
794 2762 891 2848 publica

220 2851 353 2930 permisit.
