1982 3614
211 246 278 295 ou
311 231 648 297 CAEsAnrsus.
701 254 768 316 279

43 387 47 393 .
87 346 242 417 sereretur,
269 346 352 406 ltalia
376 346 516 417 decessit,
542 345 627 426 pauld
648 368 682 407 ue
710 347 771 429 post

87 431 204 490 vulnere
235 426 372 506 pestilenti
400 425 580 508 consumptus
607 369 673 499 eri,
706 427 770 489 etim

87 531 190 593 agrum
218 505 284 568 satis
311 507 482 588 Reipublicae
507 507 770 581 commodantem,

89 592 167 650 caesis
189 589 362 662 immanibus
387 589 492 659 silvis,
516 608 600 669 atque
624 586 721 649 emiss'o
741 593 772 650 in

88 671 258 733 Danubium
278 670 341 729 lacu
355 666 473 729 Pelsone
487 713 497 740 ,
518 669 593 749 apud
608 670 771 731 Pannonios

89 748 207 812 fecisset.
235 749 324 829 Cujus
354 749 444 831 gratii
474 751 648 828 provinciam
679 753 773 811 uxoris

89 834 210 893 nomine
231 832 379 890 Valeriam
401 831 559 911 appellavit.
585 830 662 891 Huic
683 835 771 913 quin-

89 914 209 1054 ?uennii
238 913 416 992 imperium,
449 909 620 971 Constantio
647 933 772 972 annuum

105 997 172 1066 uit,
194 990 258 1051 cuim
280 990 346 1052 sane
366 1010 480 1072 uterque
497 995 652 1070 potentiam
669 992 770 1054 Caesa·
805 1062 808 1071 ,
858 1038 863 1049 ..

88 1095 155 1134 rum
175 1095 266 1134 annos
283 1072 415 1132 tredecim
434 1069 582 1155 gessissent.
608 1071 689 1133 Aded
709 1076 772 1133 miti

90 1175 199 1215 naturae
217 1155 342 1224 officiis,
366 1173 397 1213 ut
413 1174 446 1212 ea
467 1156 489 1212 si
507 1151 524 1212 ‘a
541 1154 631 1213 dodiis
648 1156 771 1233 pedori-¹

91 1236 145 1296 bus
163 1232 401 1315 proficiscerentur
411 1279 423 1302 ,
446 1254 536 1314 neque
552 1232 706 1293 insulsitate
721 1233 772 1293 of·

90 1314 263 1387 studerent,
284 1312 360 1374 haud
379 1313 463 1373 dubie
477 1317 613 1394 praecipua
632 1312 773 1374 haberen-

93 1416 148 1457 tur.
176 1396 271 1473 Quare
298 1414 472 1475 eompertum
494 1394 534 1453 est
551 1392 773 1468 eruditionem,

90 1479 288 1572 elegantiam,
312 1478 475 1536 comitatem
495 1474 668 1556 praesertim,
691 1476 772 1536 Prin-

92 1558 205 1639 cipibus
225 1552 386 1617 neceffarias
402 1553 480 1626 effe,
502 1555 565 1616 cuim
583 1559 642 1616 siue
662 1554 706 1615 his
726 1580 776 1617 na·

94 1656 164 1699 turae
195 1638 271 1697 bona
302 1639 383 1719 quasi
412 1640 580 1717 incompta,
608 1657 656 1697 aut
689 1640 775 1697 etiam

92 1715 210 1779 horrida
229 1717 370 1798 despediui
389 1720 466 1788 sint3
485 1738 637 1800 contraque
656 1738 690 1777 ea
707 1718 775 1778 Pcr-

93 1798 190 1861 sarum
207 1802 267 1883 regi
278 1800 358 1878 Cyro
371 1819 501 1858 aeternam
517 1800 636 1880 gloriam
659 1819 775 1878 parave-

92 1883 162 1940 rint.
202 1885 242 1939 At
272 1880 411 1939 memorii
440 1877 505 1936 mei
529 1877 774 1950 Constantinum,

94 1982 272 2043 quamquam
294 1962 396 2020 cacteris
416 1977 577 2039 promptum
602 1959 774 2030 virtutibus,

94 2044 132 2103 ad
158 2042 245 2122 usque
268 2039 339 2101 astra
360 2042 435 2101 votis
462 2042 592 2099 omnium
616 2038 773 2101 subvenere.

94 2123 159 2202 Qui
176 2121 304 2203 profecto
321 2124 344 2183 si
358 2118 556 2182 munificentiae
573 2140 657 2202 atque
674 2121 773 2180 ambi-

94 2206 172 2265 tioni
195 2203 343 2272 modum,
365 2200 464 2283 bisque
486 2203 590 2261 artibus
613 2199 773 2273 statuiiiet,

93 2285 160 2366 quis
179 2284 315 2364 praecipue
330 2283 424 2343 adulta
441 2284 555 2365 ingenia
574 2283 669 2364 gloriae
682 2281 774 2341 studio
832 2329 836 2336 .

113 2362 239 2447 rogreisu
256 2364 367 2447 iungitis
386 2366 416 2424 in
431 2365 601 2422 contrarium
619 2364 774 2433 labuntur3

94 2387 176 2505 baud
195 2447 316 2506 muitum
337 2442 440 2505 abesset
460 2444 534 2503 Deo.
558 2443 585 2503 ls
603 2444 653 2503 ubi
675 2442 775 2503 vastari

95 2527 210 2587 Urbem
222 2572 234 2596 ,
256 2546 339 2607 atque
358 2525 470 2585 italiam
489 2525 647 2603 comperit,
666 2522 776 2604 pulsos-

98 2628 156 2689 que
175 2606 224 2667 seu
240 2607 397 2686 redemptos
413 2606 572 2675 exercitus,
595 2612 628 2664 dc
645 2605 774 2684 impera-

98 2707 175 2746 tores
191 2688 285 2761 duos,
310 2686 465 2769 compositi
486 2705 553 2765 pace
575 2705 623 2764 per
642 2685 775 2757 Gallias,

97 2767 280 2832 Maxentium
299 2771 376 2851 petit.
394 2767 439 2830 Ea
455 2764 616 2850 tempestate
628 2766 701 2848 apud
715 2768 775 2827 Ρα-
