2010 3616
262 232 450 303 Lunna
488 232 628 303 VIII.
742 259 786 321 99

101 353 158 416 bile
177 372 213 413 ex
232 351 369 432 tempotis
388 350 524 412 brevitate
541 347 700 436 geffetunt3
720 372 790 414 nam

102 436 253 517 imperium
267 453 365 492 eorum
379 430 466 493 duum
482 435 643 505 mensium,
663 442 691 495 δι
707 435 789 496 unius

103 518 170 578 anui
190 515 271 576 fuit:
299 512 436 574 seditione
459 514 576 575 militari
596 514 686 577 ambo
709 517 788 596 pari·

104 618 144 659 ter
166 599 255 656 occisi
274 593 347 656 sunt.
378 592 382 603 “
429 636 434 641 ,

143 677 241 739 XXII.
268 675 387 738 Creatus
406 674 445 736 est
508 675 531 734 st
553 673 605 737 hos
617 675 669 737 «Μ.
691 674 786 738 Aure·

103 759 155 819 lius
179 759 350 820 Antoninus.
378 757 437 819 Hic
509 760 603 818 tonini
631 757 788 820 Caracallae

104 839 177 900 filius
205 839 355 920 putabatur
376 862 383 897 ε
406 837 542 900 Sacerdos
569 858 664 900 autem
685 838 790 900 Helio·

104 922 200 1006 gabuli
226 921 324 1000 templi
347 940 414 980 etat.
437 920 484 991 Is,
505 917 569 979 etim
592 921 718 981 Romam
738 923 787 982 ln-

104 1004 183 1086 genti
200 1009 229 1061 &
250 1002 374 1062 militum
394 1011 421 1061 δι
441 999 560 1063 Senattis
580 998 789 1082 exspectatione

103 1079 241 1154 venisset,
263 1082 370 1162 probris
391 1080 420 1141 se
444 1083 578 1142 omnibus
601 1085 787 1145 contamina·

103 1167 154 1226 ‘viu
175 1163 401 1243 Impudicissimd
421 1171 448 1223 &
469 1162 684 1223 obscoenissime
698 1165 788 1236 vixit,

103 1246 277 1326 biennioque
298 1242 403 1323 post&
420 1244 487 1304 ocio
505 1243 651 1304 'mensibus
667 1247 789 1307 tumultu

104 1324 265 1385 interfectus
286 1323 326 1385 est
346 1326 463 1385 militati
473 1348 484 1397 3
505 1333 533 1385 dt
553 1345 618 1385 cum
641 1346 677 1385 eo
700 1345 790 1387 mater

103 1406 238 1488 SymiaS
272 1427 299 1465 a.

144 1486 257 1548 XXII.
278 1486 415 1549 Successit
433 1485 499 1546 huic
518 1487 647 1549 Aurelius
665 1487 790 1551 Alexan-

102 1568 177 1640 der;
198 1568 236 1628 ab
258 1569 380 1633 exercitu
404 1566 521 1640 Caesam
546 1566 563 1628 *a
589 1569 695 1631 Senatu
720 1572 786 1630 Au·

102 1647 197 1734 gustus
215 1650 377 1713 nominatus
386 1672 397 1720 3
413 1651 522 1729 juvenis
538 1649 716 1711 admodum:
730 1649 789 1710 sus·
884 1670 887 1677 ’

102 1751 241 1813 ceptoque
268 1728 403 1790 adversus
417 1727 513 1797 Persas
541 1730 645 1804 bello,
674 1722 788 1794 Xerxen

101 1833 200 1872 eorum
221 1830 318 1897 regem
339 1811 541 1895 gloriosissime
561 1813 631 1872 vicit
651 1835 658 1870 z
680 1813 789 1872 milita-

101 1913 163 1953 tem
185 1891 365 1973 disciplinam
390 1891 561 1954 severissime
580 1893 674 1963 rexit3
697 1891 786 1975 quas·

101 1973 170 2035 dam
185 1974 387 2040 tumultuantes
400 1975 528 2060 legiones
547 1974 669 2058 integras
685 1986 788 2055 exano·

100 2057 216 2116 tutavit.
233 2051 399 2116 Affefforem
419 2054 539 2126 habuit,
559 2056 605 2115 vel
619 2053 713 2115 scrinii
727 2076 787 2118 mu·

100 2135 219 2220 gistmm
231 2182 241 2208 ,
253 2137 429 2216 Ulpianum,
443 2138 510 2216 juris
523 2135 708 2213 conditotem.
726 2137 786 2198 Ro·

99 2238 155 2279 mae
173 2238 290 2300 quoque
309 2215 474 2279 favorabilis
491 2216 554 2277 fuit.
569 2219 655 2278 Periit
671 2220 701 2299 in
715 2218 788 2279 Gal·

98 2297 162 2370 til,
179 2299 298 2358 militari
318 2299 461 2373 tumultu,
484 2297 700 2379 decimo-tertio
714 2302 784 2358 tint·

98 2382 170 2460 petii
184 2401 285 2451 anno,
305 2387 334 2439 ἃ
347 2378 393 2439 die
406 2384 530 2453 oeiuvo3
549 2382 580 2442 in
597 2382 786 2443 Mammam

97 2480 221 2522 matrem
241 2458 324 2521 suum
340 2462 424 2521 unice
441 2465 513 2544 pius.
632 2470 636 2477 '
741 2476 744 2485 '
