<?xml version="1.0" encoding="UTF-8"?>
<!DOCTYPE html PUBLIC "-//W3C//DTD XHTML 1.0 Transitional//EN"
    "http://www.w3.org/TR/xhtml1/DTD/xhtml1-transitional.dtd">
<html xmlns="http://www.w3.org/1999/xhtml" xml:lang="en" lang="en">
 <head>
  <title>
</title>
<meta http-equiv="Content-Type" content="text/html;charset=utf-8" />
  <meta name='ocr-system' content='tesseract 3.04.00' />
  <meta name='ocr-capabilities' content='ocr_page ocr_carea ocr_par ocr_line ocrx_word'/>
</head>
<body>
  <div class='ocr_page' id='page_1' title='image "./eutropiisextaur01victgoog_0219.png"; bbox 0 0 1982 3614; ppageno 0'>
   <div class='ocr_carea' id='block_1_1' title="bbox 209 153 725 253">
    <p class='ocr_par' dir='ltr' id='par_1_1' title="bbox 209 153 725 253">
     <span class='ocr_line' id='line_1_1' title="bbox 209 153 725 253; baseline -0.014 -21"><span class='ocrx_word' id='word_1_1' title='bbox 209 167 281 233; x_wconf 86' lang='lat'>206</span> <span class='ocrx_word' id='word_1_2' title='bbox 353 153 725 253; x_wconf 74' lang='lat' dir='ltr'>Authcrou</span> 
     </span>
    </p>
   </div>
   <div class='ocr_carea' id='block_1_2' title="bbox 136 272 958 2523">
    <p class='ocr_par' dir='ltr' id='par_1_2' title="bbox 207 272 894 524">
     <span class='ocr_line' id='line_1_2' title="bbox 208 272 894 363; baseline -0.001 -23"><span class='ocrx_word' id='word_1_3' title='bbox 208 276 351 363; x_wconf 82' lang='lat' dir='ltr'>ergastulis</span> <span class='ocrx_word' id='word_1_4' title='bbox 363 278 513 334; x_wconf 86' lang='lat' dir='ltr'>exercitum</span> <span class='ocrx_word' id='word_1_5' title='bbox 524 272 611 345; x_wconf 88' lang='lat' dir='ltr'>fecit,</span> <span class='ocrx_word' id='word_1_6' title='bbox 625 272 754 355; x_wconf 85' lang='lat' dir='ltr'>caesisque</span> <span class='ocrx_word' id='word_1_7' title='bbox 766 277 894 341; x_wconf 81' lang='lat' dir='ltr'>inimicis</span> 
     </span>
     <span class='ocr_line' id='line_1_3' title="bbox 207 352 893 440; baseline -0.001 -19"><span class='ocrx_word' id='word_1_8' title='bbox 207 363 340 440; x_wconf 83' lang='lat' dir='ltr'>injuriam</span> <span class='ocrx_word' id='word_1_9' title='bbox 370 357 465 426; x_wconf 84' lang='lat' dir='ltr'>ultus,</span> <span class='ocrx_word' id='word_1_10' title='bbox 492 352 611 435; x_wconf 89' lang='lat' dir='ltr'>septimo</span> <span class='ocrx_word' id='word_1_11' title='bbox 638 355 829 427; x_wconf 87' lang='lat' dir='ltr'>Consulatu,</span> <span class='ocrx_word' id='word_1_12' title='bbox 860 377 893 420; x_wconf 87' lang='lat' dir='ltr'>nt</span> 
     </span>
     <span class='ocr_line' id='line_1_4' title="bbox 208 434 891 524; baseline -0.001 -23"><span class='ocrx_word' id='word_1_13' title='bbox 208 441 325 524; x_wconf 86' lang='lat' dir='ltr'>quidam</span> <span class='ocrx_word' id='word_1_14' title='bbox 345 438 454 508; x_wconf 87' lang='lat' dir='ltr'>serunt,</span> <span class='ocrx_word' id='word_1_15' title='bbox 473 434 631 497; x_wconf 64' lang='lat' dir='ltr'>voluntarii</span> <span class='ocrx_word' id='word_1_16' title='bbox 649 457 741 496; x_wconf 90' lang='lat' dir='ltr'>morte</span> <span class='ocrx_word' id='word_1_17' title='bbox 761 437 891 500; x_wconf 84' lang='lat' dir='ltr'><strong>decessit.</strong></span> 
     </span>
    </p>

    <p class='ocr_par' dir='ltr' id='par_1_3' title="bbox 208 516 893 1086">
     <span class='ocr_line' id='line_1_5' title="bbox 249 516 891 602; baseline 0 -22"><span class='ocrx_word' id='word_1_18' title='bbox 249 519 411 580; x_wconf 89' lang='lat' dir='ltr'><strong>LXVIII.</strong></span> <span class='ocrx_word' id='word_1_19' title='bbox 440 517 529 578; x_wconf 90' lang='lat' dir='ltr'>Caius</span> <span class='ocrx_word' id='word_1_20' title='bbox 549 518 660 577; x_wconf 85' lang='lat' dir='ltr'>Marius</span> <span class='ocrx_word' id='word_1_21' title='bbox 685 516 758 579; x_wconf 83' lang='lat' dir='ltr'>filius</span> <span class='ocrx_word' id='word_1_22' title='bbox 783 521 891 602; x_wconf 86' lang='lat' dir='ltr'>viginti</span> 
     </span>
     <span class='ocr_line' id='line_1_6' title="bbox 208 596 892 681; baseline 0 -21"><span class='ocrx_word' id='word_1_23' title='bbox 208 599 321 681; x_wconf 82' lang='lat' dir='ltr'>septem</span> <span class='ocrx_word' id='word_1_24' title='bbox 352 620 490 660; x_wconf 85' lang='lat' dir='ltr'>annorum</span> <span class='ocrx_word' id='word_1_25' title='bbox 524 596 715 659; x_wconf 84' lang='lat' dir='ltr'>Consulatum</span> <span class='ocrx_word' id='word_1_26' title='bbox 749 601 854 660; x_wconf 91' lang='lat' dir='ltr'>invasit</span> <span class='ocrx_word' id='word_1_27' title='bbox 880 624 892 672; x_wconf 79' lang='lat'>3</span> 
     </span>
     <span class='ocr_line' id='line_1_7' title="bbox 209 679 893 763; baseline -0.001 -22"><span class='ocrx_word' id='word_1_28' title='bbox 209 704 292 763; x_wconf 89' lang='lat' dir='ltr'>quern</span> <span class='ocrx_word' id='word_1_29' title='bbox 311 679 449 740; x_wconf 89' lang='lat' dir='ltr'>honorem</span> <span class='ocrx_word' id='word_1_30' title='bbox 463 700 521 739; x_wconf 83' lang='lat' dir='ltr'>tam</span> <span class='ocrx_word' id='word_1_31' title='bbox 535 681 718 740; x_wconf 80' lang='lat' dir='ltr'>immaturum</span> <span class='ocrx_word' id='word_1_32' title='bbox 731 701 822 740; x_wconf 88' lang='lat' dir='ltr'>mater</span> <span class='ocrx_word' id='word_1_33' title='bbox 838 682 893 740; x_wconf 91' lang='lat' dir='ltr'>fle-</span> 
     </span>
     <span class='ocr_line' id='line_1_8' title="bbox 209 757 893 842; baseline 0 -19"><span class='ocrx_word' id='word_1_34' title='bbox 209 764 259 823; x_wconf 86' lang='lat' dir='ltr'>vit.</span> <span class='ocrx_word' id='word_1_35' title='bbox 280 763 339 824; x_wconf 86' lang='lat' dir='ltr'>Hic</span> <span class='ocrx_word' id='word_1_36' title='bbox 356 765 426 842; x_wconf 89' lang='lat' dir='ltr'>patri</span> <span class='ocrx_word' id='word_1_37' title='bbox 443 757 549 820; x_wconf 68' lang='lat' dir='ltr'>saevitilr</span> <span class='ocrx_word' id='word_1_38' title='bbox 568 761 691 830; x_wconf 84' lang='lat' dir='ltr'>similis,</span> <span class='ocrx_word' id='word_1_39' title='bbox 715 764 823 822; x_wconf 89' lang='lat' dir='ltr'>curiam</span> <span class='ocrx_word' id='word_1_40' title='bbox 844 784 893 822; x_wconf 87' lang='lat' dir='ltr'>at·</span> 
     </span>
     <span class='ocr_line' id='line_1_9' title="bbox 211 841 893 924; baseline -0.001 -21"><span class='ocrx_word' id='word_1_41' title='bbox 211 864 304 905; x_wconf 82' lang='lat' dir='ltr'>matus</span> <span class='ocrx_word' id='word_1_42' title='bbox 322 841 455 913; x_wconf 56' lang='lat' dir='ltr'>obsedrl,</span> <span class='ocrx_word' id='word_1_43' title='bbox 478 841 608 901; x_wconf 88' lang='lat' dir='ltr'>inimicos</span> <span class='ocrx_word' id='word_1_44' title='bbox 625 842 799 914; x_wconf 84' lang='lat' dir='ltr'>trucidavit,</span> <span class='ocrx_word' id='word_1_45' title='bbox 816 863 893 924; x_wconf 88' lang='lat' dir='ltr'>quo·.</span> 
     </span>
     <span class='ocr_line' id='line_1_10' title="bbox 209 922 892 1004; baseline 0.003 -20"><span class='ocrx_word' id='word_1_46' title='bbox 209 945 273 984; x_wconf 89' lang='lat' dir='ltr'>rum</span> <span class='ocrx_word' id='word_1_47' title='bbox 297 946 412 1004; x_wconf 91' lang='lat' dir='ltr'>corpora</span> <span class='ocrx_word' id='word_1_48' title='bbox 434 924 465 982; x_wconf 91' lang='lat' dir='ltr'>in</span> <span class='ocrx_word' id='word_1_49' title='bbox 488 922 618 982; x_wconf 84' lang='lat' dir='ltr'>Tiberim</span> <span class='ocrx_word' id='word_1_50' title='bbox 640 925 831 1002; x_wconf 78' lang='lat' dir='ltr'>praecipitavit.</span> <span class='ocrx_word' id='word_1_51' title='bbox 855 925 892 987; x_wconf 88' lang='lat' dir='ltr'>In</span> 
     </span>
     <span class='ocr_line' id='line_1_11' title="bbox 211 1003 893 1086; baseline 0 -20"><span class='ocrx_word' id='word_1_52' title='bbox 211 1017 346 1086; x_wconf 84' lang='lat' dir='ltr'>apparatu</span> <span class='ocrx_word' id='word_1_53' title='bbox 362 1005 451 1074; x_wconf 84' lang='lat' dir='ltr'>beni,</span> <span class='ocrx_word' id='word_1_54' title='bbox 471 1003 549 1084; x_wconf 88' lang='lat' dir='ltr'>quod</span> <span class='ocrx_word' id='word_1_55' title='bbox 569 1022 665 1063; x_wconf 85' lang='lat' dir='ltr'>contra</span> <span class='ocrx_word' id='word_1_56' title='bbox 684 1005 792 1063; x_wconf 84' lang='lat' dir='ltr'>Sullam</span> <span class='ocrx_word' id='word_1_57' title='bbox 813 1027 893 1084; x_wconf 87' lang='lat' dir='ltr'>para·</span> 
     </span>
    </p>

    <p class='ocr_par' dir='ltr' id='par_1_4' title="bbox 136 1082 943 1650">
     <span class='ocr_line' id='line_1_12' title="bbox 183 1082 895 1168; baseline 0.001 -23"><span class='ocrx_word' id='word_1_58' title='bbox 183 1091 185 1095; x_wconf 74' lang='grc'><strong>’</strong></span> <span class='ocrx_word' id='word_1_59' title='bbox 211 1086 316 1158; x_wconf 85' lang='lat' dir='ltr'>batur,</span> <span class='ocrx_word' id='word_1_60' title='bbox 334 1086 407 1167; x_wconf 89' lang='lat' dir='ltr'>apud</span> <span class='ocrx_word' id='word_1_61' title='bbox 421 1082 610 1165; x_wconf 77' lang='lat' dir='ltr'>Sacriportum</span> <span class='ocrx_word' id='word_1_62' title='bbox 627 1086 733 1168; x_wconf 83' lang='lat' dir='ltr'>vigiliis</span> <span class='ocrx_word' id='word_1_63' title='bbox 748 1094 776 1146; x_wconf 90' lang='lat'>&amp;</span> <span class='ocrx_word' id='word_1_64' title='bbox 791 1086 895 1147; x_wconf 82' lang='lat' dir='ltr'>labore</span> 
     </span>
     <span class='ocr_line' id='line_1_13' title="bbox 136 1164 943 1248; baseline 0 -21"><span class='ocrx_word' id='word_1_65' title='bbox 136 1182 147 1191; x_wconf 73' lang='grc'><strong>“</strong></span> <span class='ocrx_word' id='word_1_66' title='bbox 213 1164 352 1238; x_wconf 80' lang='lat' dir='ltr'>defessus,</span> <span class='ocrx_word' id='word_1_67' title='bbox 374 1165 425 1226; x_wconf 87' lang='lat' dir='ltr'>sub</span> <span class='ocrx_word' id='word_1_68' title='bbox 442 1165 491 1226; x_wconf 81' lang='lat' dir='ltr'>clio</span> <span class='ocrx_word' id='word_1_69' title='bbox 505 1164 642 1248; x_wconf 83' lang='lat' dir='ltr'>requievit</span> <span class='ocrx_word' id='word_1_70' title='bbox 656 1189 665 1236; x_wconf 83' lang='lat'><em>3</em></span> <span class='ocrx_word' id='word_1_71' title='bbox 686 1176 713 1227; x_wconf 90' lang='lat'>&amp;</span> <span class='ocrx_word' id='word_1_72' title='bbox 732 1164 832 1227; x_wconf 83' lang='lat' dir='ltr'>absens</span> <span class='ocrx_word' id='word_1_73' title='bbox 848 1171 893 1227; x_wconf 83' lang='lat' dir='ltr'>vi·</span> <span class='ocrx_word' id='word_1_74' title='bbox 919 1167 943 1233; x_wconf 41' lang='lat'>,⁴</span> 
     </span>
     <span class='ocr_line' id='line_1_14' title="bbox 212 1247 895 1331; baseline -0.001 -22"><span class='ocrx_word' id='word_1_75' title='bbox 212 1250 291 1320; x_wconf 63' lang='lat' dir='ltr'>elur,</span> <span class='ocrx_word' id='word_1_76' title='bbox 311 1249 404 1331; x_wconf 73' lang='lat' dir='ltr'>fugat,</span> <span class='ocrx_word' id='word_1_77' title='bbox 423 1269 482 1306; x_wconf 90' lang='lat' dir='ltr'>non</span> <span class='ocrx_word' id='word_1_78' title='bbox 493 1268 593 1328; x_wconf 83' lang='lat' dir='ltr'>pugnae</span> <span class='ocrx_word' id='word_1_79' title='bbox 606 1247 739 1306; x_wconf 87' lang='lat' dir='ltr'>interfuit.</span> <span class='ocrx_word' id='word_1_80' title='bbox 755 1247 895 1308; x_wconf 80' lang='lat' dir='ltr'>Praeneste</span> 
     </span>
     <span class='ocr_line' id='line_1_15' title="bbox 213 1327 896 1413; baseline 0 -25"><span class='ocrx_word' id='word_1_81' title='bbox 213 1328 363 1413; x_wconf 86' lang='lat' dir='ltr'>confugit,</span> <span class='ocrx_word' id='word_1_82' title='bbox 379 1330 428 1387; x_wconf 88' lang='lat' dir='ltr'>ubi</span> <span class='ocrx_word' id='word_1_83' title='bbox 447 1349 493 1408; x_wconf 89' lang='lat' dir='ltr'>per</span> <span class='ocrx_word' id='word_1_84' title='bbox 510 1328 670 1386; x_wconf 87' lang='lat' dir='ltr'>Lucretium</span> <span class='ocrx_word' id='word_1_85' title='bbox 688 1327 818 1387; x_wconf 85' lang='lat' dir='ltr'>Ofellam</span> <span class='ocrx_word' id='word_1_86' title='bbox 838 1330 896 1388; x_wconf 83' lang='lat' dir='ltr'>ob-</span> 
     </span>
     <span class='ocr_line' id='line_1_16' title="bbox 212 1406 897 1491; baseline -0.003 -21"><span class='ocrx_word' id='word_1_87' title='bbox 212 1407 316 1481; x_wconf 83' lang='lat' dir='ltr'>sessus,</span> <span class='ocrx_word' id='word_1_88' title='bbox 339 1406 445 1468; x_wconf 61' lang='lat' dir='ltr'>tentari</span> <span class='ocrx_word' id='word_1_89' title='bbox 467 1429 514 1487; x_wconf 88' lang='lat' dir='ltr'>per</span> <span class='ocrx_word' id='word_1_90' title='bbox 534 1409 692 1468; x_wconf 86' lang='lat' dir='ltr'>cuniculum</span> <span class='ocrx_word' id='word_1_91' title='bbox 713 1407 807 1491; x_wconf 73' lang='lat' dir='ltr'>fugai,</span> <span class='ocrx_word' id='word_1_92' title='bbox 829 1409 897 1475; x_wconf 79' lang='lat' dir='ltr'>crini</span> 
     </span>
     <span class='ocr_line' id='line_1_17' title="bbox 212 1487 895 1572; baseline 0.003 -22"><span class='ocrx_word' id='word_1_93' title='bbox 212 1491 310 1550; x_wconf 88' lang='lat' dir='ltr'>omnia</span> <span class='ocrx_word' id='word_1_94' title='bbox 337 1487 413 1570; x_wconf 85' lang='lat' dir='ltr'>septa</span> <span class='ocrx_word' id='word_1_95' title='bbox 439 1489 528 1548; x_wconf 88' lang='lat' dir='ltr'>intelli</span> <span class='ocrx_word' id='word_1_96' title='bbox 551 1509 629 1561; x_wconf 90' lang='lat' dir='ltr'>eret,</span> <span class='ocrx_word' id='word_1_97' title='bbox 651 1490 841 1572; x_wconf 83' lang='lat' dir='ltr'>jugulandum</span> <span class='ocrx_word' id='word_1_98' title='bbox 864 1489 895 1553; x_wconf 79' lang='lat' dir='ltr'>se</span> 
     </span>
     <span class='ocr_line' id='line_1_18' title="bbox 211 1511 893 1650; baseline -0.001 -20"><span class='ocrx_word' id='word_1_99' title='bbox 211 1570 316 1631; x_wconf 90' lang='lat' dir='ltr'>Pontio</span> <span class='ocrx_word' id='word_1_100' title='bbox 327 1569 465 1637; x_wconf 73' lang='lat' dir='ltr'>vTelesino</span> <span class='ocrx_word' id='word_1_101' title='bbox 484 1511 609 1650; x_wconf 54' lang='lat' dir='ltr'>praebuit.</span> <span class='ocrx_word' id='word_1_102' title='bbox 889 1576 893 1579; x_wconf 67' lang='grc'><strong>’</strong></span> 
     </span>
    </p>

    <p class='ocr_par' dir='ltr' id='par_1_5' title="bbox 184 1649 958 2523">
     <span class='ocr_line' id='line_1_19' title="bbox 251 1649 893 1735; baseline 0.002 -24"><span class='ocrx_word' id='word_1_103' title='bbox 251 1651 374 1711; x_wconf 85' lang='lat' dir='ltr'><strong>LXIX.</strong></span> <span class='ocrx_word' id='word_1_104' title='bbox 396 1651 499 1710; x_wconf 83' lang='lat' dir='ltr'>Lucius</span> <span class='ocrx_word' id='word_1_105' title='bbox 514 1650 666 1712; x_wconf 88' lang='lat' dir='ltr'>Cornelius</span> <span class='ocrx_word' id='word_1_106' title='bbox 685 1649 783 1712; x_wconf 89' lang='lat' dir='ltr'>Cinna</span> <span class='ocrx_word' id='word_1_107' title='bbox 802 1655 893 1735; x_wconf 82' lang='lat' dir='ltr'>flagi-</span> 
     </span>
     <span class='ocr_line' id='line_1_20' title="bbox 211 1729 893 1802; baseline 0.003 -10"><span class='ocrx_word' id='word_1_108' title='bbox 211 1734 375 1793; x_wconf 83' lang='lat' dir='ltr'>tiosissimus</span> <span class='ocrx_word' id='word_1_109' title='bbox 397 1777 406 1802; x_wconf 88' lang='lat'>,</span> <span class='ocrx_word' id='word_1_110' title='bbox 431 1731 504 1790; x_wconf 90' lang='lat' dir='ltr'>Rem</span> <span class='ocrx_word' id='word_1_111' title='bbox 525 1733 648 1792; x_wconf 81' lang='lat' dir='ltr'>ublicarn</span> <span class='ocrx_word' id='word_1_112' title='bbox 680 1729 793 1792; x_wconf 66' lang='lat' dir='ltr'>sumnia</span> <span class='ocrx_word' id='word_1_113' title='bbox 826 1756 893 1794; x_wconf 88' lang='lat' dir='ltr'>cru-</span> 
     </span>
     <span class='ocr_line' id='line_1_21' title="bbox 187 1753 896 1898; baseline 0 -25"><span class='ocrx_word' id='word_1_114' title='bbox 187 1875 188 1878; x_wconf 56' lang='lat'>,</span> <span class='ocrx_word' id='word_1_115' title='bbox 212 1813 326 1874; x_wconf 83' lang='lat' dir='ltr'>delitare</span> <span class='ocrx_word' id='word_1_116' title='bbox 350 1811 476 1872; x_wconf 85' lang='lat' dir='ltr'>vastavit.</span> <span class='ocrx_word' id='word_1_117' title='bbox 504 1753 605 1873; x_wconf 72' lang='lat' dir='ltr'>I³rimo</span> <span class='ocrx_word' id='word_1_118' title='bbox 629 1811 775 1873; x_wconf 85' lang='lat' dir='ltr'>consulatu</span> <span class='ocrx_word' id='word_1_119' title='bbox 798 1815 896 1898; x_wconf 71' lang='lat' dir='ltr'>legem</span> 
     </span>
     <span class='ocr_line' id='line_1_22' title="bbox 213 1893 894 1964; baseline 0.006 -9"><span class='ocrx_word' id='word_1_120' title='bbox 213 1895 249 1955; x_wconf 88' lang='lat' dir='ltr'>de</span> <span class='ocrx_word' id='word_1_121' title='bbox 267 1893 405 1955; x_wconf 83' lang='lat' dir='ltr'>exsulibus</span> <span class='ocrx_word' id='word_1_122' title='bbox 423 1893 587 1954; x_wconf 85' lang='lat' dir='ltr'>revocandis</span> <span class='ocrx_word' id='word_1_123' title='bbox 604 1893 717 1964; x_wconf 88' lang='lat' dir='ltr'>ferens,</span> <span class='ocrx_word' id='word_1_124' title='bbox 740 1895 778 1953; x_wconf 89' lang='lat' dir='ltr'>ab</span> <span class='ocrx_word' id='word_1_125' title='bbox 795 1895 894 1959; x_wconf 50' lang='lat' dir='ltr'>Ostur</span> 
     </span>
     <span class='ocr_line' id='line_1_23' title="bbox 212 1971 893 2058; baseline -0.004 -22"><span class='ocrx_word' id='word_1_126' title='bbox 212 1978 261 2036; x_wconf 84' lang='lat' dir='ltr'>vio</span> <span class='ocrx_word' id='word_1_127' title='bbox 285 1973 394 2058; x_wconf 62' lang='lat' dir='ltr'>colleg&amp;</span> <span class='ocrx_word' id='word_1_128' title='bbox 418 1971 596 2055; x_wconf 87' lang='lat' dir='ltr'>prohibitus,</span> <span class='ocrx_word' id='word_1_129' title='bbox 617 1983 646 2035; x_wconf 87' lang='lat'>&amp;</span> <span class='ocrx_word' id='word_1_130' title='bbox 662 1972 771 2047; x_wconf 83' lang='lat' dir='ltr'>honore</span> <span class='ocrx_word' id='word_1_131' title='bbox 793 1978 893 2055; x_wconf 84' lang='lat' dir='ltr'>priva·</span> 
     </span>
     <span class='ocr_line' id='line_1_24' title="bbox 213 2052 894 2137; baseline 0.004 -21"><span class='ocrx_word' id='word_1_132' title='bbox 213 2074 278 2127; x_wconf 85' lang='lat' dir='ltr'>tus,</span> <span class='ocrx_word' id='word_1_133' title='bbox 293 2057 373 2118; x_wconf 86' lang='lat' dir='ltr'>Urbe</span> <span class='ocrx_word' id='word_1_134' title='bbox 388 2053 535 2137; x_wconf 81' lang='lat' dir='ltr'>profugit,</span> <span class='ocrx_word' id='word_1_135' title='bbox 555 2052 717 2136; x_wconf 76' lang='lat' dir='ltr'>vocatisque</span> <span class='ocrx_word' id='word_1_136' title='bbox 734 2055 771 2115; x_wconf 84' lang='lat' dir='ltr'>ad</span> <span class='ocrx_word' id='word_1_137' title='bbox 787 2058 894 2137; x_wconf 82' lang='lat' dir='ltr'>pileum</span> 
     </span>
     <span class='ocr_line' id='line_1_25' title="bbox 184 2133 958 2208; baseline 0.001 -11"><span class='ocrx_word' id='word_1_138' title='bbox 184 2190 188 2197; x_wconf 85' lang='grc'><em>,</em></span> <span class='ocrx_word' id='word_1_139' title='bbox 212 2135 319 2208; x_wconf 83' lang='lat' dir='ltr'>serris,</span> <span class='ocrx_word' id='word_1_140' title='bbox 339 2133 509 2196; x_wconf 84' lang='lat' dir='ltr'>adversarios</span> <span class='ocrx_word' id='word_1_141' title='bbox 527 2138 597 2196; x_wconf 86' lang='lat' dir='ltr'>vicit</span> <span class='ocrx_word' id='word_1_142' title='bbox 606 2160 617 2207; x_wconf 83' lang='lat'>3</span> <span class='ocrx_word' id='word_1_143' title='bbox 638 2134 794 2197; x_wconf 68' lang='lat' dir='ltr'>Octavium</span> <span class='ocrx_word' id='word_1_144' title='bbox 809 2140 895 2198; x_wconf 86' lang='lat' dir='ltr'>inter·</span> <span class='ocrx_word' id='word_1_145' title='bbox 952 2148 958 2167; x_wconf 74' lang='lat'><strong>¹</strong></span> 
     </span>
     <span class='ocr_line' id='line_1_26' title="bbox 214 2216 892 2288; baseline 0.004 -13"><span class='ocrx_word' id='word_1_146' title='bbox 214 2216 303 2288; x_wconf 87' lang='lat' dir='ltr'>fecit3</span> <span class='ocrx_word' id='word_1_147' title='bbox 318 2217 480 2278; x_wconf 83' lang='lat' dir='ltr'>Ianiculum</span> <span class='ocrx_word' id='word_1_148' title='bbox 497 2238 569 2276; x_wconf 88' lang='lat' dir='ltr'>occu</span> <span class='ocrx_word' id='word_1_149' title='bbox 587 2219 654 2278; x_wconf 85' lang='lat' dir='ltr'>avit.</span> <span class='ocrx_word' id='word_1_150' title='bbox 673 2216 778 2278; x_wconf 77' lang='lat' dir='ltr'>Itetsrm</span> <span class='ocrx_word' id='word_1_151' title='bbox 794 2227 821 2280; x_wconf 72' lang='lat'>8(</span> <span class='ocrx_word' id='word_1_152' title='bbox 839 2239 892 2279; x_wconf 90' lang='lat' dir='ltr'>tet-</span> 
     </span>
     <span class='ocr_line' id='line_1_27' title="bbox 215 2239 893 2378; baseline 0.001 -20"><span class='ocrx_word' id='word_1_153' title='bbox 215 2298 287 2358; x_wconf 74' lang='lat' dir='ltr'>tium</span> <span class='ocrx_word' id='word_1_154' title='bbox 301 2294 459 2360; x_wconf 86' lang='lat' dir='ltr'>Consulem</span> <span class='ocrx_word' id='word_1_155' title='bbox 478 2295 507 2359; x_wconf 88' lang='lat' dir='ltr'>se</span> <span class='ocrx_word' id='word_1_156' title='bbox 525 2239 585 2378; x_wconf 61' lang='lat' dir='ltr'>ipsi</span> <span class='ocrx_word' id='word_1_157' title='bbox 600 2297 675 2358; x_wconf 87' lang='lat' dir='ltr'>fecit.</span> <span class='ocrx_word' id='word_1_158' title='bbox 695 2298 808 2375; x_wconf 89' lang='lat' dir='ltr'>Quarto</span> <span class='ocrx_word' id='word_1_159' title='bbox 824 2321 893 2359; x_wconf 89' lang='lat' dir='ltr'>con-</span> 
     </span>
     <span class='ocr_line' id='line_1_28' title="bbox 213 2378 893 2462; baseline -0.003 -21"><span class='ocrx_word' id='word_1_160' title='bbox 213 2378 306 2441; x_wconf 85' lang='lat' dir='ltr'>sulatu</span> <span class='ocrx_word' id='word_1_161' title='bbox 323 2378 386 2439; x_wconf 82' lang='lat' dir='ltr'>crim</span> <span class='ocrx_word' id='word_1_162' title='bbox 403 2378 509 2439; x_wconf 89' lang='lat' dir='ltr'>bellum</span> <span class='ocrx_word' id='word_1_163' title='bbox 528 2397 626 2440; x_wconf 84' lang='lat' dir='ltr'>contra</span> <span class='ocrx_word' id='word_1_164' title='bbox 637 2379 747 2441; x_wconf 84' lang='lat' dir='ltr'>Sullam</span> <span class='ocrx_word' id='word_1_165' title='bbox 763 2401 872 2462; x_wconf 80' lang='lat' dir='ltr'>pararet</span> <span class='ocrx_word' id='word_1_166' title='bbox 881 2424 893 2451; x_wconf 89' lang='lat'><strong>,</strong></span> 
     </span>
     <span class='ocr_line' id='line_1_29' title="bbox 215 2460 894 2523; baseline -0.004 0"><span class='ocrx_word' id='word_1_167' title='bbox 215 2462 341 2523; x_wconf 84' lang='lat' dir='ltr'>Anconae</span> <span class='ocrx_word' id='word_1_168' title='bbox 355 2460 394 2520; x_wconf 94' lang='lat' dir='ltr'>ob</span> <span class='ocrx_word' id='word_1_169' title='bbox 411 2463 533 2521; x_wconf 87' lang='lat' dir='ltr'>nimiam</span> <span class='ocrx_word' id='word_1_170' title='bbox 553 2460 745 2522; x_wconf 75' lang='lat' dir='ltr'>crudelitatem</span> <span class='ocrx_word' id='word_1_171' title='bbox 762 2462 799 2523; x_wconf 89' lang='lat' dir='ltr'>ab</span> <span class='ocrx_word' id='word_1_172' title='bbox 816 2483 894 2522; x_wconf 85' lang='lat' dir='ltr'>exer-</span> 
     </span>
    </p>
   </div>
   <div class='ocr_carea' id='block_1_3' title="bbox 214 2539 687 2686">
    <p class='ocr_par' dir='ltr' id='par_1_6' title="bbox 214 2539 687 2686">
     <span class='ocr_line' id='line_1_30' title="bbox 214 2539 687 2686; baseline -0.002 -84"><span class='ocrx_word' id='word_1_173' title='bbox 214 2540 274 2602; x_wconf 70' lang='lat' dir='ltr'>&#39;citu</span> <span class='ocrx_word' id='word_1_174' title='bbox 289 2540 430 2686; x_wconf 55' lang='lat' dir='ltr'>lappdibn&#39;s</span> <span class='ocrx_word' id='word_1_175' title='bbox 448 2539 555 2602; x_wconf 83' lang='lat' dir='ltr'>occisus</span> <span class='ocrx_word' id='word_1_176' title='bbox 570 2540 637 2602; x_wconf 85' lang='lat' dir='ltr'>est.&#39;</span> <span class='ocrx_word' id='word_1_177' title='bbox 685 2542 687 2545; x_wconf 75' lang='grc'><strong>’</strong></span> 
     </span>
    </p>
   </div>
   <div class='ocr_carea' id='block_1_4' title="bbox 217 2620 894 2806">
    <p class='ocr_par' dir='ltr' id='par_1_7' title="bbox 217 2620 894 2806">
     <span class='ocr_line' id='line_1_31' title="bbox 256 2620 894 2696; baseline -0.005 -14"><span class='ocrx_word' id='word_1_178' title='bbox 256 2624 313 2683; x_wconf 88' lang='lat' dir='ltr'>LX</span> <span class='ocrx_word' id='word_1_179' title='bbox 350 2672 356 2684; x_wconf 95' lang='lat'><em>.</em></span> <span class='ocrx_word' id='word_1_180' title='bbox 379 2624 468 2685; x_wconf 84' lang='lat' dir='ltr'>Caius</span> <span class='ocrx_word' id='word_1_181' title='bbox 482 2624 594 2683; x_wconf 88' lang='lat' dir='ltr'>Flavius</span> <span class='ocrx_word' id='word_1_182' title='bbox 608 2623 735 2684; x_wconf 78' lang='lat' dir='ltr'>fimbria</span> <span class='ocrx_word' id='word_1_183' title='bbox 753 2620 894 2696; x_wconf 74' lang='lat' dir='ltr'>(savini-</span> 
     </span>
     <span class='ocr_line' id='line_1_32' title="bbox 217 2702 893 2806; baseline -0.001 -43"><span class='ocrx_word' id='word_1_184' title='bbox 217 2708 395 2806; x_wconf 11' lang='lat' dir='ltr'>muquuippe</span> <span class='ocrx_word' id='word_1_185' title='bbox 408 2704 508 2767; x_wconf 80' lang='lat' dir='ltr'>Cinna</span> <span class='ocrx_word' id='word_1_186' title='bbox 522 2702 650 2782; x_wconf 84' lang='lat' dir='ltr'>satelles)</span> <span class='ocrx_word' id='word_1_187' title='bbox 663 2705 781 2768; x_wconf 87' lang='lat' dir='ltr'>Valerio</span> <span class='ocrx_word' id='word_1_188' title='bbox 792 2704 893 2795; x_wconf 64' lang='lat' dir='ltr'>flacco</span> 
     </span>
    </p>
   </div>
   <div class='ocr_carea' id='block_1_5' title="bbox 0 0 1006 3614">
    <p class='ocr_par' dir='ltr' id='par_1_8' title="bbox 0 0 1006 3614">
     <span class='ocr_line' id='line_1_33' title="bbox 0 0 1006 3614; baseline 0 0"><span class='ocrx_word' id='word_1_189' title='bbox 0 0 1006 3614; x_wconf 95' lang='lat' dir='ltr'> </span> 
     </span>
    </p>
   </div>
  </div>
 </body>
</html>
