2056 3628
212 239 261 306 40
394 215 713 283 Euraor’rr

211 337 314 399 ducem
338 334 510 396 Hannibalis
533 332 740 396 Carthalonem
762 332 895 406 occidit,

211 419 458 501 vigintiquinque
478 416 570 474 millia
590 418 765 494 captivorum
784 416 889 475 vendi-

213 499 280 569 dit,
322 497 426 558 raedam
446 497 583 557 militibus
601 495 782 577 dispertivit,
802 512 890 577 pecu-

212 582 292 641 niam
303 519 460 639 liominum
477 577 656 638 venditomm
669 576 706 638 ad
724 575 823 637 fiscum
843 595 891 636 re·

212 661 285 721 tulit.
308 657 386 720 Ttlm
408 659 502 719 multa
524 660 649 719 civitates
672 658 892 730 Romanorum,

235 738 275 802 uae
291 741 328 802 ad
342 741 535 802 Hannibalem
552 742 715 800 transierant
728 785 740 809 ,
757 737 846 800 rursus
865 738 894 800 se

212 763 305 885 labio
319 823 452 884 Maximo
471 820 645 882 dediderunt.
664 818 829 903 Insequenti
846 843 896 881 an·

214 926 255 965 no
276 905 372 985 Scipio
398 900 583 982 insHisparriai
604 904 732 986 egregias
750 921 792 961 res
814 903 894 983 egit,

216 994 245 1048 δε
268 983 385 1065 perse,
411 994 439 1046 bt
463 1006 510 1064 per
531 982 646 1045 fratrem
670 981 756 1043 suum
774 983 895 1043 Lucium

215 1068 264 1128 Sci
283 1068 380 1127 iorem
393 1113 406 1138 ,
431 1064 526 1145 septua
549 1067 555 1078 '
578 1084 607 1124 ta
633 1065 759 1125 civitates
783 1066 895 1145 recepit.

215 1147 251 1208 ln
265 1088 348 1209 ltalia
365 1167 461 1208 tamen
481 1169 511 1206 m
541 1147 613 1227 epu
654 1165 731 1207 atum
752 1142 800 1207 est.
817 1145 897 1206 Nam

217 1229 357 1291 Claudius
372 1228 525 1289 Marcellus
543 1227 611 1288 Con
625 1226 655 1286 ul
676 1227 713 1287 ab
734 1225 899 1288 Hannibale

216 1310 326 1371 occisus
345 1309 392 1371 est.
983 1358 988 1363 .

257 1390 372 1452 XVII.
400 1389 499 1451 Tertio
524 1412 600 1450 anno
625 1387 773 1470 postquam
800 1389 897 1470 Scipio

218 1473 255 1533 ad
269 1471 439 1553 Hispaniam
454 1471 594 1551 profectus
612 1469 673 1542 cst,
691 1469 781 1530 rursus
799 1492 842 1532 res
857 1474 901 1531 in·

218 1555 307 1633 elytas
324 1554 395 1637 gerit
410 1576 417 1611 ε
432 1572 528 1634 regem
543 1550 769 1632 Hispaniarum,
790 1572 898 1637 magno

217 1634 318 1716 proelio
340 1636 469 1704 rislum,
490 1635 521 1692 in
540 1634 696 1693 amicitiam
722 1634 850 1713 accepit,
872 1641 899 1694 &

217 1717 324 1797 primus
345 1717 476 1775 omnium
497 1713 609 1775 ‘avido
628 1714 740 1776 obsides
760 1735 819 1776 non
841 1736 899 1797 po·

211 1795 393 1940 pogprpffl·
416 1876 574 1959 Desperans
585 1876 736 1938 Hannibal
748 1875 904 1957 Hispanias

218 1979 318 2022 contra
338 1961 502 2040 Scipionem
520 1959 620 2019 ducem
640 1957 742 2020 diutinis
761 1955 836 2039 polle
853 1977 903 2017 te-

219 2062 306 2113 nere,
330 2040 444 2101 fratrem
463 2039 544 2103 suum
560 2039 768 2101 Hasdrubalem
787 2039 824 2101 ad
842 2038 906 2100 lta·

219 2122 289 2181 liam
306 2143 370 2181 cum
386 2122 519 2182 omnibus
537 2124 625 2202 copiis
642 2123 780 2182 evocavit.
801 2120 829 2181 Is
847 2142 904 2179 ve·

219 2206 302 2264 niens
317 2203 418 2262 eodem
434 2205 554 2273 itinere,
574 2225 632 2284 qno
651 2206 738 2263 etiam
755 2202 908 2262 Hannibal

219 2303 364 2355 venerat,
398 2282 415 2343 a
445 2283 618 2345 Consulibus
647 2285 744 2364 Appio
776 2283 907 2344 Claudio

221 2365 337 2426 Nerone
350 2410 361 2435 ,
380 2373 407 2426 &
418 2366 520 2426 Marco
532 2367 617 2425 Livio
629 2365 808 2435 Salinatore,
828 2366 908 2443 apud

220 2448 343 2518 Senam,
360 2447 457 2506 Piceni
469 2449 634 2516 civitatem,
649 2449 680 2507 in
698 2445 812 2506 insidias
826 2465 909 2506 com·

220 2532 327 2609 positas
354 2528 455 2588 incidit
482 2552 489 2585 ε
520 2526 628 2588 strenue
653 2546 751 2588 tamen
776 2547 909 2610 pugnans

221 2610 330 2671 occisus
350 2608 411 2681 est,
434 2611 562 2693 ingentes
576 2615 634 2690 ejus
651 2609 738 2690 copiae
755 2626 841 2689 captae
856 2629 910 2669 aut

223 2690 374 2751 interfectae
391 2690 479 2761 sunt3
501 2712 639 2775 magnum
657 2689 766 2771 pondus
782 2692 842 2749 auri
860 2709 910 2750 at-

223 2782 277 2851 qne
295 2774 405 2854 argenti
423 2773 549 2833 Romam
567 2774 685 2835 relatum
700 2769 747 2861 est.
764 2769 831 2833 Post
845 2768 910 2860 baec
