2010 3616
224 277 321 342 94.
392 221 708 320 Euruor'ri

223 362 309 456 quein
331 370 422 432 Gtaeci
445 366 620 448 ἀπόπληξιν
641 383 767 426 vocante
787 367 831 426 vir
853 367 904 426 in·

225 454 303 593 genii
334 448 432 532 partim
462 449 552 509 civilis
578 471 588 518 3
622 445 775 507 reverentii
807 465 907 508 tamen

252 534 318 593 atris
345 529 417 591 nihil
444 550 571 612 unquam
597 547 678 587 atrox
703 526 794 587 ausus.
826 527 907 589 Crini

225 609 337 674 obiiffet
354 611 505 672 undecimo
521 611 633 690 imperii
646 630 745 681 anno,
766 611 839 669 inter
852 608 909 672 Di·

226 715 278 756 vos
295 694 397 753 relatus
415 689 462 752 est.
995 720 996 757 3

265 773 321 835 ΧΙ.
339 770 405 834 Post
422 793 486 832 eum
508 771 623 831 Marcus
644 768 807 830 Antoninus
829 767 908 830 solus

226 854 443 935 Rempublicam
470 853 586 923 tenuit,
618 851 662 910 vir
692 870 777 932 quem
808 852 908 912 mirari
995 850 996 923 ἴ

227 934 337 996 facilitis
353 936 416 1016 quis
436 932 521 1015 quim
540 930 653 992 laudare
668 933 765 1012 possit.
782 934 810 990 A
828 934 908 1012 prin·

228 1018 304 1097 cipio
328 1018 391 1077 vitae
421 1013 665 1095 tranquillissimus
689 1036 696 1070 ι
721 1008 795 1072 aded
819 1031 852 1072 ut
876 1015 908 1076 in
995 1072 996 1081 ,

228 1096 350 1159 infantii
371 1116 485 1178 quoque
510 1094 620 1155 vultum
641 1112 693 1152 nec
720 1113 755 1152 ex
796 1093 885 1153 audio
888 1138 907 1165 ‚
995 1126 996 1135 κ

228 1199 281 1240 nec
302 1200 335 1238 ex
353 1197 472 1237 moerore
491 1194 619 1235 mutaret.
640 1170 775 1253 Philosop
799 1175 806 1186 '
854 1173 907 1234 de·

229 1260 302 1321 ditus
319 1259 442 1329 Stoicae;
465 1254 522 1336 ipse
541 1258 628 1315 etiam
648 1276 708 1314 non
722 1251 815 1315 soltim
840 1257 905 1315 vitat

228 1340 377 1410 moribus,
404 1336 453 1399 sed
481 1339 567 1396 etiam
590 1335 746 1396 eruditione
770 1332 906 1415 philoso-

229 1418 301 1501 phus
319 1441 327 1476 ε
345 1438 427 1478 tantae
447 1417 641 1477 admirationis
662 1413 755 1476 adhuc
772 1418 908 1494 juvenis,

229 1520 260 1562 ut
285 1521 350 1561 eum
374 1495 553 1559 succellorem
581 1498 718 1578 paraverit
744 1495 909 1558 Hadrianus

229 1580 384 1661 relinquere
402 1604 409 1637 ι
428 1579 563 1660 adoptato
580 1597 677 1637 tamen
690 1578 842 1639 Antonino
856 1579 909 1640 P-io

230 1682 363 1745 generum
382 1656 434 1726 elle
455 1663 481 1720 ei
504 1656 609 1720 idcirch
633 1660 777 1731 voluerit,
800 1677 834 1720 ut
854 1656 910 1720 hoc

228 1742 327 1802 ordine
341 1734 382 1802 'ad
397 1744 545 1821 imperium
561 1744 722 1821 perveniret.

269 1823 337 1884 XII.
358 1820 500 1906 institutus
519 1819 558 1880 est
574 1821 613 1881 ad
626 1817 843 1902 Philosophiam
863 1841 911 1902 per
994 1846 995 1889 ff

229 1905 418 1985 Apollonium
432 1900 683 1974 Chalcedonium3
704 1901 741 1962 ad
760 1900 910 1963 scientiam
994 1926 995 1929 ¹

229 1986 372 2047 literarum
390 1985 550 2046 Graecarum
573 2004 620 2062 per
640 1984 756 2044 Sextum
782 1979 909 2043 Chaero-

230 2064 370 2136 nensem,
392 2062 534 2125 Plutarchi
554 2083 695 2144 nepotem.
721 2064 839 2123 Latinas
863 2086 912 2125 au·

150 2184 162 2205 .
231 2165 289 2215 tem
304 2147 397 2206 literas
416 2166 481 2204 eum
500 2146 630 2215 Fronto,
649 2164 745 2205 orator
759 2144 909 2205 nobilissi-

231 2247 314 2298 mus,
341 2226 445 2287 docuit.
474 2225 531 2287 Hic
557 2245 623 2286 cum
648 2225 781 2286 omnibus
808 2225 911 2287 Romae

210 2322 312 2388 'aequo
337 2311 396 2386 jure
423 2310 505 2389 egit,
532 2303 569 2366 ad
595 2306 703 2366 nullam
727 2303 911 2368 insolentiam

231 2388 319 2448 elatus
336 2390 446 2469 imperii
464 2385 578 2469 fastigio
599 2410 606 2445 t
625 2387 799 2449 liberalitatis
816 2408 913 2467 prom·

231 2472 391 2551 ptissimae,
419 2469 576 2549 provincias
599 2471 709 2551 ingenti
735 2467 912 2552 benignitate

232 2560 260 2612 &
280 2550 473 2612 moderatione
490 2551 627 2610 traciavit.
654 2548 765 2611 Contra
781 2549 911 2611 Germa·

232 2655 284 2692 nos
311 2653 345 2691 eo
370 2632 497 2710 Principe
517 2651 560 2690 res
586 2628 703 2691 feliciter
729 2627 813 2713 gestae
837 2628 911 2692 sunt.

231 2710 341 2772 Bellum
353 2710 410 2791 ipse
424 2731 511 2771 unum
526 2711 611 2792 gessit
621 2710 911 2771 Marcomannicum:

231 2790 278 2852 sed
306 2812 442 2875 quantum
470 2791 546 2852 nulli
573 2791 710 2853 memorii
733 2791 810 2863 fuit,
838 2791 911 2854 oded
