1982 3614
234 195 302 260 280
375 189 500 259 Aure.
529 189 745 287 Vrcrou

230 331 283 370 nos
301 308 459 369 Alexander
481 308 682 388 pro-Praefee'lo
703 329 817 391 gerens,
840 308 890 368 do·
950 272 951 319 Ξ

230 393 352 450 minatui
368 389 467 450 stolide
488 391 673 460 incubuerat,
696 389 757 449 crint
774 388 828 468 ipse
845 390 889 449 de-

231 471 283 530 bili
305 489 409 542 aetate,
434 469 591 551 agrestibus
606 492 639 530 ac
656 471 820 530 Pannonicis
843 492 889 551 pa·
950 480 951 543 l

229 553 352 612 rentibus
369 551 543 620 vecordior,
567 551 695 623 milites,
714 552 892 611 tumultuarii·
950 600 951 629 ,

231 651 285 714 que
302 634 434 713 quaesiti,
453 653 596 691 armorum
613 635 661 694 vix
680 632 801 692 medium
819 630 895 690 habe·
950 660 951 723 p

229 733 313 772 retur.
349 713 479 794 Denique
514 734 578 772 eunt
612 711 629 771 l
658 713 795 792 Tyranno
826 714 895 772 mirri
950 744 951 749 κ

251 795 404 854 aucissimis
430 792 592 853 cohortibus
616 791 716 852 Rufius
737 795 895 854 Volusianus

230 814 379 934 lraefeuus
409 875 570 945 Praetorio,
601 895 634 933 ac
663 875 795 935 militares
822 874 895 934 duces

233 956 290 1015 levi
322 957 471 1015 certamine
507 954 661 1014 confecere.
699 955 768 1032 Quo
799 957 895 1024 vitio,

234 1036 397 1096 Maxentius
417 1034 525 1098 Cartha
546 1038 624 1096 inem
643 1056 780 1097 terrarum
803 1035 896 1103 decus,
950 1080 951 1105 2

234 1116 319 1177 simul
346 1116 448 1177 Africa
473 1117 537 1193 pulc
558 1120 630 1176 riora
658 1115 783 1188 vastari,
806 1116 896 1195 diripi,
950 1110 951 1203 l

234 1197 402 1279 incendique
428 1195 539 1276 jullerat
560 1221 570 1268 3
594 1197 668 1257 ferus
690 1243 700 1268 ,
724 1192 895 1257 inhumanus·
950 1208 951 1277 j

237 1300 292 1360 que
326 1301 359 1338 ac
388 1279 505 1339 libidine
541 1276 632 1339 multi)
668 1280 774 1338 tetrior.
812 1274 897 1337 Adhuc
950 1284 951 1341 1

237 1359 355 1440 pavidus
384 1369 412 1420 δι
438 1360 585 1430 imbellis,
614 1378 698 1440 atque
723 1362 754 1419 in
780 1358 896 1418 desidiam

239 1438 315 1499 fede
334 1452 457 1520 pronus,
479 1439 515 1501 us
531 1462 564 1500 ue
583 1438 644 1510 eh,
666 1459 697 1499 ut
717 1442 846 1523 flagrante
863 1446 898 1517 per

238 1519 352 1580 Italiam
380 1521 484 1593 bello,
511 1463 638 1602 (lucisque
667 1521 743 1600 apud
772 1522 896 1581 Veronam

239 1598 320 1671 suis,
341 1598 433 1661 nihilo
449 1601 560 1685 segnius
577 1601 658 1662 solita
677 1620 807 1673 curaret,
826 1616 897 1679 neque
950 1652 951 1665 ἶ

239 1684 324 1762 patris
347 1682 433 1741 exitio
457 1690 622 1743 moveretur.
649 1683 784 1764 Namque
803 1682 895 1742 Hercu·
950 1710 951 1761 p

241 1763 294 1822 lius
315 1760 413 1822 naturi
430 1765 637 1844 impotentior,
653 1765 736 1823 simul
753 1761 803 1822 filii
822 1760 897 1843 segni·

242 1845 288 1903 tiae
307 1863 458 1915 metuens,
481 1843 637 1904 inconsulte
657 1847 805 1923 imperium
821 1841 897 1922 repeti·

242 1943 328 1983 verat.
341 1923 473 2005 Cumque
487 1923 576 2006 specie
587 1926 674 1985 officii
691 1925 765 1984 dolis
778 1921 897 2003 compoti-

243 2006 281 2067 tis
293 2004 513 2065 Constantinum
527 2026 660 2089 generum
674 2024 791 2065 tentaret
804 2001 896 2070 acerbi,

243 2088 302 2164 jure
315 2085 432 2155 taudem¹
442 2089 591 2147 interierat.
604 2086 660 2147 Sed
671 2087 830 2146 Maxentius
840 2102 897 2144 atro

246 2167 307 2225 tior
324 2169 354 2226 in
376 2167 458 2238 dies,
479 2168 593 2228 tandem
608 2168 686 2228 Urbe
701 2170 731 2227 in
749 2167 820 2227 Saxa
836 2164 897 2224 mbra

244 2248 336 2307 millia
354 2246 443 2306 ferme
462 2269 565 2308 novem
586 2249 728 2331 aegerrime
750 2242 897 2330 progrellus,

247 2325 311 2388 etim
331 2327 401 2389 caesd
417 2332 475 2388 acie
493 2329 603 2413 fugiens
620 2328 707 2389 semet
727 2329 848 2388 Romam
865 2343 896 2383 re·

247 2412 371 2488 ciperet,
390 2410 521 2482 insidiis,
543 2432 611 2491 quas
628 2408 701 2468 hosti
716 2410 790 2489 apud
807 2421 897 2488 pontem

247 2490 391 2551 Mulvium
409 2492 567 2562 locaverat,
581 2494 610 2550 in
629 2487 794 2573 transgrellu
805 2484 897 2555 ‚Tiberis
950 2492 951 2501 ¹

247 2572 413 2651 interceptus
443 2572 510 2643 est,
545 2572 700 2652 tyrannidis
729 2592 805 2630 anno
833 2568 896 2629 sexto·

246 2649 341 2729 Hujus
350 2673 417 2720 nect
429 2654 589 2722 incredibile
600 2672 736 2734 quantum
750 2650 842 2710 laetitid
850 2664 899 2742 gau·

249 2729 354 2814 dioque
381 2734 499 2796 Senatus
528 2756 561 2795 ac
586 2735 680 2816 plebes
706 2731 898 2795 exsultaverint,
