2056 3628
230 202 273 266 δι
422 201 726 270 Eornoerr

227 319 334 380 Senatu
359 315 445 378 bostis
467 319 605 398 judicatus
625 365 635 390 ,
657 318 721 380 crim
745 339 914 401 quaereretur

228 400 266 459 ad
284 420 396 482 pernam
415 404 500 481 (quet
518 421 601 481 poene
620 420 678 463 erat
695 401 781 472 talis,
804 421 836 461 ut
852 424 912 463 nu·

226 481 281 540 dus
307 501 355 560 per
381 481 526 560 publicum
553 481 652 542 dubius
676 526 686 553 ,
712 480 790 557 furti
824 486 915 564 capiti

230 565 290 639 ejus
306 559 431 633 inserti,
450 563 538 645 virgis
554 559 641 642 usqne
662 560 700 622 ad
717 582 839 622 mortem
859 585 915 624 εκ,
999 622 1000 633 ,

231 642 363 713 deretur,
381 661 466 724 atque
481 644 521 702 ira
537 644 750 723 precipitaretur
768 643 803 702 de
819 641 914 719 saxo)
999 670 1000 699 1

232 722 249 782 ὲ
267 723 372 802 palatio
387 721 482 806 fugit,
502 724 575 783 &in
593 720 753 783 suburbano
772 723 800 783 se
817 724 914 784 liberti

232 801 299 876 sui,
325 800 403 885 quod
423 801 462 862 est
483 805 555 863 inter
569 804 706 865 Salariam
724 813 752 863 &
773 804 913 865 Nomen·
999 808 1000 871 Ῑ

221 904 331 944 tanam
355 885 457 955 viarn,
480 883 519 944 ad
562 904 671 944 uattum
690 885 778 945 Urbis
800 887 911 946 millia·
999 874 1000 937 Ϊ

232 967 329 1038 rium,
354 963 502 1024 interfecit.
565 964 690 1025 difitavit
710 965 811 1025 Romae
832 964 912 1026 ther·

232 1067 319 1117 mas,
364 1068 405 1105 uae
430 1064 495 1106 ante
518 1045 688 1106 Neronianae
709 1045 813 1117 dicite,
839 1069 914 1108 nunt
999 1092 1000 1125 3

233 1067 431 1189 Metanirinae
450 1127 632 1207 appellantur.
655 1127 740 1186 Obiit
757 1148 778 1187 x
794 1148 815 1187 x
832 1149 864 1187 x.
889 1137 916 1188 δι
999 1128 1000 1183 ]

233 1210 323 1269 altero
343 1209 431 1269 aetaris
448 1229 548 1279 anno,
566 1209 676 1286 imperii
693 1227 763 1267 xtv.
782 1227 868 1290 atque
885 1211 915 1268 in
999 1256 1000 1289 ἶ

234 1310 271 1351 eo
285 1291 379 1349 omnis
392 1287 512 1382 Augusti
522 1287 641 1347 'familia
656 1285 823 1368 consumpta
841 1286 888 1347 est.
999 1312 1000 1363 j

275 1369 369 1430 XVI.
389 1369 466 1429 Huic
477 1369 588 1429 Servius
597 1368 692 1430 Galba
703 1366 833 1429 successit
842 1416 854 1440 ,
868 1391 916 1428 an·

235 1452 399 1532 tiquistirnae
410 1449 566 1510 nobilitatis
577 1447 784 1520 Senator,trior
796 1469 916 1510 tex-xrrr.
992 1504 1000 1527 ‚i

236 1551 344 1591 annum
365 1548 460 1613 ageret
471 1531 558 1590 aetatis
577 1552 584 1587 ι
601 1532 636 1590 ab
650 1528 785 1610 Hispanis
801 1538 830 1590 δι
844 1530 917 1591 Gal·
999 1538 1000 1541 ’

235 1613 272 1671 lis
299 1611 455 1691 Imperator
480 1611 606 1681 eletius,
630 1633 699 1670 mox
723 1610 760 1670 ab
786 1608 915 1673 universo
999 1684 1000 1691 ἵ

235 1695 359 1752 exercitu
387 1692 506 1751 libenter
532 1711 672 1772 acceptus.
699 1691 782 1752 'Nam
808 1694 917 1773 privata

236 1778 297 1853 ejus
315 1775 374 1834 vita
394 1773 513 1858 insignis
534 1772 624 1833 fuerat
642 1772 809 1833 militaribus
827 1782 856 1834 δι
871 1775 914 1832 ci·
999 1830 1000 1843 ,

237 1855 342 1916 vilibus
366 1854 471 1926 rebus3
501 1852 580 1934 saepe
608 1851 743 1927 Consul,
771 1852 843 1935 saepe
867 1875 915 1934 pto
999 1848 1000 1867 ¹

218 1934 393 2005 ¹Consule,
422 1934 463 1994 fre
484 1954 579 1996 uenter
603 1933 660 1994 dux
686 1936 718 1994 in
745 1935 916 2020 gravissimis

236 2017 328 2077 bellis.
355 2015 448 2095 Hujus
465 1957 561 2077 qbreve
589 2017 739 2095 imperium
772 2015 857 2087 fuit,
890 2022 916 2074 &r
999 2006 1000 2065 l

238 2096 316 2179 quod
341 2097 417 2156 bona
438 2093 553 2155 heberet
570 2096 683 2156 exordia
692 2142 707 2167 „
732 2097 786 2158 nisi
808 2096 848 2156 ad
869 2093 915 2156 se·
999 2116 1000 2125 ¹

233 2180 384 2257 ‚veritatem
403 2178 565 2257 propensior
579 2176 726 2239 videretur.
745 2175 858 2238 Insidiis
875 2195 917 2236 ta·
999 2174 1000 2243 s

239 2280 306 2319 rnen
326 2255 453 2318 Othonis
474 2256 582 2318 occisus
607 2256 647 2317 est
658 2302 669 2329 ,
690 2259 801 2339 imperii
823 2254 918 2318 mense
999 2286 1000 2323 r

238 2339 361 2421 septimo
374 2360 385 2409 3
402 2339 542 2423 jugulatus
559 2341 589 2399 in
604 2337 670 2399 foro
684 2337 809 2410 Romae,
828 2335 919 2419 sepul·
999 2332 1000 2373 ³

239 2419 338 2504 tuique
365 2420 395 2480 in
419 2417 507 2480 hortis
530 2417 609 2491 suis,
659 2420 689 2493 ¹ui
716 2416 780 2483 sunt
805 2415 918 2482 Aurelii
999 2438 1000 2441 ’

238 2501 309 2577 via,
332 2523 391 2562 non
409 2500 496 2640 lonpb
513 2499 550 2560 ab
568 2441 757 2561 urbellomt.

278 2582 397 2646 XVII.
419 2581 462 2643 Ot
483 2590 525 2654 o‘,
550 2579 645 2642 occiso
665 2580 789 2651 Galba,
818 2581 919 2642 invasit

238 2665 395 2744 imperium
415 2686 423 2721 e
437 2681 566 2724 materno
579 2683 680 2746 genere
698 2661 822 2722 nobilior
835 2658 918 2757 quim

214 2792 217 2798 .
239 2764 382 2828 patemo,
394 2765 493 2807 neutro
507 2764 603 2806 tamen
617 2741 738 2805 obscuro
750 2766 756 2802 :
767 2745 798 2806 in
811 2739 918 2826 privati
