2010 3616
205 259 274 326 ¹34
347 235 462 305 Aure.
491 233 759 305 Vrcrortrr¹

242 354 354 415 Primus
361 353 738 415 obaerlrereovenirSatrmus
749 354 887 436 Olympo,

241 434 332 576 Antrlt?
339 436 553 577 {zisflrgienm
566 433 691 516 &regnis
702 438 769 496 exul
776 442 889 514 ademp-

203 620 299 687 Tanta
309 640 405 682 autem
419 618 506 703 usque
524 622 555 682 id
574 640 684 704 tempus
700 626 889 705 antiquorum

205 700 356 762 hominum
371 702 489 762 traditur
503 700 581 764 fuiffe
594 705 779 784 simplicitas,
797 724 829 764 ut
841 722 890 766 ve-

205 786 313 844 nientes
333 784 369 842 ad
386 782 415 844 se
429 783 575 856 advenas,
616 788 646 846 ui
661 782 749 846 modi)
765 787 889 847 consilio

206 886 240 926 ae
251 862 386 946 sapientiai
393 863 518 945 praediti,
531 865 567 925 ad
575 806 765 926 iriirruendam
776 869 868 927 vitam
875 914 887 938 ,

182 1014 185 1019 ,
206 944 429 1027 formandosque
453 967 546 1007 mores
565 947 673 1029 aliquid
693 946 887 1020 conferrent,

205 1023 284 1109 quod
314 1047 413 1087 eorum
444 1047 595 1108 patentes,
630 1048 714 1110 atque
744 1031 890 1113 originem

207 1111 218 1168 i
238 1108 408 1178 notabant,
433 1108 505 1167 coelo
531 1118 558 1170 &
580 1107 654 1169 terri
680 1108 799 1182 editos,
827 1132 890 1172 non

206 1129 300 1251 glun
312 1192 366 1272 ipsi
380 1188 524 1251 crederent
541 1237 551 1261 ‚
570 1193 756 1251 verumetiam
770 1188 891 1272 posteris

208 1271 400 1342 affirmarent,
415 1270 502 1330 veluti
514 1269 588 1331 hunc
601 1268 693 1351 ipsum
709 1273 864 1333 Saturnum
876 1318 889 1342 ,

229 1372 295 1413 uem
314 1351 392 1413 Coeli
408 1361 436 1413 δε
450 1351 547 1412 Terrae
568 1350 659 1413 filium
676 1348 728 1412 esse
748 1352 889 1415 dixerunt.

207 1374 298 1571 ξιιωᾶ
318 1431 383 1492 cuim
400 1436 439 1493 ita
456 1431 646 1504 existimetur,
665 1453 772 1493 certum
791 1453 891 1495 tamen

209 1534 224 1572 e
253 1516 395 1593 ‚priorem
405 1515 421 1574 J
424 1535 510 1573 anum
524 1518 554 1574 in
567 1514 680 1574 Italiam
692 1511 842 1589 deveniffe,
854 1516 891 1574 ab

210 1614 300 1675 eoque
318 1592 412 1674 postea
426 1597 585 1656 venientem
605 1614 749 1676 exceptum
768 1592 821 1654 effe
836 1596 892 1656 Sa·

210 1674 432 1737 turnumUnde
443 1675 657 1771 intelligendum
663 1674 705 1735 'est
714 1677 786 1748 ,Vir
807 1677 892 1737 ilium

232 1776 249 1815 u
291 1777 324 1816 ue
340 1777 398 1816 non
421 1760 601 1839 ignoratione
626 1762 727 1818 vetetis
748 1698 893 1830 boiorix,

210 1774 260 1898 ier
291 1859 328 1899 uo
346 1857 447 1907 more,
462 1839 583 1913 primum
601 1835 695 1898 dixisse
712 1839 866 1900 Saturnum
877 1884 891 1909 ,

210 1940 269 1995 non
283 1938 347 1981 ante
361 1940 445 2001 quem
457 1938 542 1980 nemo
554 1966 565 1990 ,
577 1918 625 1982 sed
632 1921 785 1996 principem
797 1938 852 1979 :ut

379 2024 409 2083 T
405 2025 467 2104 roja
483 2026 530 2103 qui
544 2026 651 2099 primus
673 2025 707 2085 ab
725 2026 792 2085 oris.

212 2126 291 2188 Ctirn
312 2127 409 2207 procul
432 2127 520 2187 dubio
546 2126 653 2188 constet
680 2147 744 2189 aute
764 2127 892 2192 AEneam

212 2211 334 2288 priorem
356 2207 533 2269 Antenorem
558 2212 589 2269 in
612 2210 725 2270 Italiam
749 2208 802 2270 effe
827 2231 894 2290 per-

212 2292 346 2357 vectum,
361 2309 481 2370 eumque
497 2311 557 2349 non
572 2294 602 2350 in
619 2289 672 2350 ori
687 2292 777 2351 littori
789 2294 893 2370 ,proxi-

214 2367 262 2429 mi
273 2416 282 2441 ,
294 2365 348 2428 ‘sed
368 2372 398 2430 in
416 2371 596 2431 interioribus
614 2372 706 2444 locis,
726 2370 831 2442 idest,
848 2371 891 2432 11-
1003 2416 1004 2431 1

214 2453 304 2592 {frico
321 2451 419 2510 urbem
433 2451 581 2512 Patavium
599 2448 772 2522 condidisse,
785 2472 817 2513 ut
828 2457 895 2533 qui-
958 2482 965 2495 ·
1003 2474 1004 2483 ¹

235 2554 281 2593 em
303 2531 379 2592 idem
398 2530 538 2616 Virgilius
558 2532 612 2592 illis
632 2535 757 2595 versibus
779 2554 813 2595 ex
832 2554 896 2613 per·

216 2611 287 2674 soni
305 2615 424 2673 Veneris
442 2659 453 2683 ,
474 2611 548 2693 apud
576 2614 679 2675 Jovem
705 2613 739 2673 de
765 2617 897 2677 aerum'nis

217 2693 317 2753 AEneae
335 2693 377 2753 sui
397 2698 612 2776 conquerentis:

224 2782 248 2815 ²⁴
257 2796 384 2859 Antenor
387 2800 480 2873 potuit
489 2801 588 2861 mediis
599 2799 703 2883 elapsur
713 2798 836 2864 Achivis
