2056 3628
272 196 277 201 ’
334 207 518 277 Lrnnu
560 207 605 277 V.
766 229 807 299 57

116 326 282 409 Pompeio:
295 325 420 385 maxime
431 345 526 385 tamen
539 324 555 385 ‘a
568 326 659 386 Lucio
669 324 811 389 Cornelio

118 409 221 491 Sylla,
240 411 292 490 qui
312 410 384 467 inter
404 408 461 466 alia
478 409 610 491 egregia,
635 405 674 467 ita
698 407 811 470 Cluen-

120 494 215 562 tium,
233 486 359 549 hostium
378 487 478 547 ducem
490 534 499 559 ‚
515 510 579 548 cum
591 491 705 570 magnis
717 493 808 571 copiis

120 569 218 642 fudit,
247 590 279 630 ut
303 591 337 629 ex
358 567 412 629 suis
431 591 519 629 unum
544 572 692 631 amitteret.
719 573 807 650 Qua-

120 653 272 724 driennio,
284 673 349 711 cum
361 653 441 735 gravi
455 669 551 710 tamen
562 652 740 724 calamitate,
751 651 808 715 hoc

120 732 231 793 bellum
252 736 373 793 tractum
395 730 442 790 est.
464 733 576 808 Quinto
593 732 709 792 demum
730 756 808 795 anno

121 813 211 875 finem
230 835 297 874 acce
317 816 340 873 it
358 834 406 894 per
419 814 540 872 Lucium
555 813 722 874 Cornelium
737 817 808 897 Syl-

121 896 181 955 lam
215 836 398 966 Conlillem‚
432 892 496 953 culm
525 914 608 956 antea
637 898 667 957 in
704 897 808 958 eodem

123 977 202 1037 bello
234 979 295 1059 ipse
327 976 417 1036 multa
454 975 592 1050 strenue,
625 974 675 1037 sed
704 978 809 1039 Praetor

124 1055 232 1143 egiffet.

165 1141 228 1202 IV.
251 1139 337 1201 Anno
365 1138 454 1203 Urbis
484 1139 604 1201 conditae
633 1161 809 1204 ncrxrt.

124 1220 249 1300 primtim
275 1221 376 1281 Romae
401 1221 515 1280 bellum*
528 1223 610 1282 civile
630 1242 810 1284 commotum

123 1300 166 1361 est
191 1326 198 1360 t
222 1301 325 1361 eodem
348 1324 423 1362 anno
455 1304 541 1379 etiam
569 1300 808 1365 Mithridaticum.

125 1381 256 1445 Causam
269 1383 346 1442 bello
360 1385 437 1443 civili
453 1383 491 1445 C.
502 1384 613 1444 Marius
626 1382 714 1446 sexies
729 1384 809 1447 Con·

126 1462 169 1523 sul
189 1464 276 1523 dedit.
299 1463 377 1524 Nam
398 1463 462 1522 etim
482 1465 559 1545 Sylla
580 1464 692 1527 Consul
711 1486 810 1529 contra

125 1542 327 1606 Mithridatem
349 1543 472 1628 gesturus
489 1547 616 1618 bellum,
640 1549 691 1628 qui
709 1550 810 1610 Asiam

127 1635 155 1686 &
168 1624 312 1687 Achaiam
326 1646 527 1708 occupaverat,
544 1631 697 1688 mitteretur
709 1652 719 1700 3
731 1628 812 1711 isque

126 1710 282 1767 exercitum
299 1709 329 1770 in
350 1707 512 1790 Campania
529 1708 668 1792 paulisper
686 1729 812 1783 teneret,

127 1808 158 1849 ut
175 1789 245 1849 belli
260 1790 425 1861 Socialis‚(
445 1789 479 1849 de
493 1810 551 1871 quo
570 1791 714 1866 diximus)
733 1791 813 1873 quod

127 1872 202 1931 intra
221 1871 337 1931 Italiam
356 1869 464 1954 gestum
483 1870 596 1943 fuerat,
611 1874 733 1953 reliquiar
755 1874 813 1932 tol-

127 1951 272 2022 letentut3
304 1952 413 2012 Matius
439 1949 607 2024 affetlavit,
635 1973 665 2012 ut
693 1950 750 2033 ipse
775 1954 813 2016 ad

127 2032 237 2093 bellum
256 2031 486 2094 Mithridaticum
509 2036 671 2094 mitteretur.
698 2034 764 2113 Quh
782 2057 814 2096 te

126 2115 208 2195 Sylla
223 2134 404 2185 commotus,
423 2136 487 2174 cum
506 2117 626 2175 exercitu
645 2116 681 2176 ad
700 2117 812 2179 Urbem

111 2198 217 2255 ‚venit
244 2195 306 2255 lllic
331 2216 428 2256 contra
451 2196 579 2256 Matium
604 2206 631 2257 ὃ(
656 2199 813 2278 Sulpicium

128 2276 299 2348 dimicavit3
316 2278 421 2358 primus
437 2278 535 2336 urbem
549 2279 674 2338 Romam
692 2300 816 2341 armatus

127 2352 267 2442 ingressus
279 2355 318 2416 est
324 2381 335 2429 3
350 2358 506 2439 Sulpicium
518 2359 673 2431 interfecit,
685 2361 815 2420 Matium

128 2438 244 2523 fugavit
272 2462 279 2495 ε
309 2460 394 2521 atque
418 2438 457 2500 it‘a
479 2440 653 2501 Consulibus
678 2443 815 2501 ordinatis

110 2522 159 2579 -in
182 2518 309 2580 futurum
329 2542 458 2594 annum,
482 2522 540 2583 Cn.
560 2523 708 2592 Octavio,
730 2532 757 2581 δι
780 2522 813 2583 L.

107 2601 272 2662 -Cornelio
297 2601 413 2675 Cinna,
433 2602 470 2662 ad
488 2605 587 2663 Asiam
606 2602 746 2682 profedtus
767 2603 814 2665 est.

169 2683 211 2743 V.
225 2680 408 2743 Mithridates
417 2686 510 2755 enim,
522 2687 572 2765 qui
582 2684 667 2744 Ponti
680 2704 726 2744 tex
739 2706 815 2758 erat,

125 2782 216 2849 atque
230 2766 398 2827 Atmeniam
413 2766 578 2838 Minorem,
589 2775 617 2827 δι
628 2785 720 2827 totum
732 2768 812 2830 Pon-

625 2847 692 2912 Cu
