2010 3616
190 235 247 285 Du
266 217 385 287 Virus
403 236 691 307 irrueremus,
723 226 783 309 183

93 336 164 396 dere
179 383 189 408 ‚
206 337 285 418 quod
303 335 321 396 ὲ
334 338 471 398 Romanis
486 337 581 417 poste‘a
597 341 789 419 improbatum

94 416 146 478 est.
180 417 341 478 Postumius
369 420 542 480 Samnitibus
568 419 708 494 deditru,
736 445 789 483 nec

94 520 163 558 rece
187 519 231 559 tus
253 498 300 560 est.

180 581 275 642 XXI.
297 581 400 641 Lucius
424 582 551 662 Papirius
571 628 581 655 ,
602 581 619 642 *a
639 585 789 645 velocitate

96 659 239 732 Cursor,
261 661 326 722 crim
344 662 500 724 Consulem
519 663 548 723 se
568 664 688 726 adversis
708 669 789 725 omi-

95 744 187 802 nibus
213 742 363 804 adversum
383 745 523 805 Samnites
546 743 715 827 progressum
737 744 790 806 eise

96 820 256 895 sensisset,
282 824 317 885 ad
339 823 461 905 auspicia
486 827 634 906 repetenda
664 827 790 889 Romam

97 902 271 988 regressus,
300 905 386 965 edixit
415 907 505 967 Fabio
535 908 644 968 Rutilio
665 954 677 978 ,
725 930 790 971 uem

97 989 241 1046 exercitui
254 988 439 1066 imponebat,
453 1010 488 1047 ne
505 1009 621 1063 manum
636 930 791 1050 cumioste

96 1066 271 1128 consereret.
298 1068 353 1128 Sed
380 1069 426 1127 ille
455 1072 662 1149 opportunitate
691 1070 790 1131 duetus

97 1151 253 1231 pugnavit.
286 1147 423 1209 Reversus
450 1151 578 1229 Papirius
610 1149 698 1210 securi
725 1173 790 1213 eum

97 1229 187 1290 ferire
217 1230 310 1289 voluit
331 1253 341 1300 3
365 1230 412 1288 iile
441 1233 471 1289 in
498 1231 610 1291 Urbem
637 1230 723 1291 consu
745 1235 790 1304 it,

97 1333 154 1370 nec
191 1309 348 1391 supplicem
372 1311 494 1371 Tribuni
524 1312 682 1371 tuebantur.
744 1316 791 1373 ein

97 1412 182 1473 pater
203 1393 360 1473 lacrymis,
385 1393 503 1472 populus
523 1394 648 1472 precibus
676 1397 790 1454 ueniam

99 1470 302 1554 impetrarunt.
312 1473 439 1572 Papirius
456 1474 489 1532 de
504 1473 677 1534 Samnitibus
690 1476 791 1536 trium-

99 1552 215 1635 phavit.
243 1553 316 1613 Item
336 1577 400 1613 cum
419 1552 618 1614 Praenestinum
639 1556 791 1637 Praetorem

136 1636 273 1697 avissime
296 1630 469 1715 increpuisset
491 1681 501 1707 ‚
527 1636 655 1716 expedi,
676 1639 790 1718 inquit,

111 1718 188 1776 istor
213 1714 328 1776 secures.
355 1717 395 1776 Et
417 1715 480 1775 crim
508 1737 572 1775 eum
595 1736 672 1777 metu
691 1720 791 1777 mortis

99 1799 260 1873 attonitum
271 1794 397 1868 vidisset,
410 1797 625 1857 incommodam
638 1780 812 1860 ambulas-⁸

7 1918 9 1923 »
100 1880 179 1938 tibus
197 1877 323 1938 radicem
343 1877 435 1938 excidi
453 1881 543 1958 jussit.

94 2014 98 2027 ,
144 1958 296 2018 XXXII.
314 1959 453 2035 Quinstus
466 1959 569 2018 Fabius
582 1959 723 2031 Rutilius,
737 1961 793 2040 pri·

100 2062 168 2100 mus
187 2062 222 2099 ex
242 2038 276 2099 ei
294 2038 404 2100 familie
419 2040 458 2098 ob
475 2042 606 2100 virtutem
623 2041 790 2113 Maximus3

100 2119 247 2205 Magister
265 2123 392 2202 equitum
412 2118 429 2179 ὲ
448 2120 560 2201 Papirio
580 2120 733 2194 (Cursore
751 2124 791 2182 ob

99 2203 266 2263 Samnitem
277 2204 448 2276 vitrorum)
458 2200 547 2263 securi
559 2203 630 2283 pene
641 2201 788 2281 percusos,

101 2282 232 2363 primtim
247 2283 281 2343 de
293 2282 393 2363 Apulis
411 2291 437 2342 δι
453 2283 601 2343 Nucerinis
614 2307 624 2354 3
637 2282 738 2344 itertim
756 2283 791 2343 de

101 2365 284 2424 Samnitibus
303 2387 313 2433 ς
339 2362 421 2423 testib
448 2363 482 2422 de
503 2362 624 2433 Gallis,
646 2366 790 2435 Umbris,

103 2445 216 2505 Marsis
227 2464 341 2525 ,atque
357 2442 458 2504 Tuscis
472 2442 666 2524 triumphaviu
679 2442 791 2505 Censor

104 2526 257 2586 libertinos
275 2526 403 2585 tribubus
420 2529 538 2585 amovit.
558 2522 660 2585 iterum
678 2523 791 2585 Censor

103 2604 169 2667 fieri
187 2609 300 2677 noluit,
325 2606 419 2666 dicens
439 2628 499 2665 non
520 2602 572 2665 effe
593 2626 627 2664 er
645 2604 696 2665 usu
715 2605 787 2664 Rei-

103 2689 228 2768 publicae
243 2687 357 2747 eosdem
374 2685 519 2751 Censores,
536 2684 631 2767 saepiris
648 2684 716 2745 fieri.
731 2687 789 2746 Hic

103 2772 216 2850 primus
229 2767 364 2840 instituit,
377 2772 418 2829 uti
428 2768 545 2850 Equites
557 2769 682 2829 Romani
692 2767 788 2832 Idibus

724 2908 745 2957 Χ
