2010 3616
218 276 288 361 i38
363 271 481 340 Aoi.
510 270 756 340 Vrcroaie

222 393 313 474 Eique
325 389 465 472 (eoquod
476 390 548 450 mire
558 392 760 470 praeteritorum
771 409 902 461 memor,

222 476 384 534 rumenam
403 470 511 547 futuri)
530 471 646 532 dixerit:

403 568 465 629 Rex
479 593 550 631 anua
563 569 701 641 Latinus,
717 567 829 630 &urbes

214 690 225 721 a,
260 650 324 712 Jam
333 650 430 730 senior
437 653 519 731 longd
526 651 653 726 placidas
666 652 698 711 in
705 674 773 726 pace
787 650 904 731 regebat.

261 755 316 816 IV.
333 756 403 833 Quo
424 775 580 838 regnante,
601 753 746 835 Trojanos
771 754 854 814 refert
873 758 906 814 in

224 834 337 897 ltaliam
354 833 499 897 devenisse.
516 837 658 914 Quaeritur
673 836 821 917 quomodo
836 835 904 895 Sal-
986 840 987 851 ¹

217 915 320 978 »iustius
333 917 408 978 dicat
421 941 427 975 t
442 922 554 995 Cumque
566 916 612 976 his
620 917 807 997 Aborigines,
821 938 908 998 gertus

225 998 365 1059 hominum
374 1001 471 1081 agreste
481 1043 492 1068 ,
503 1000 563 1067 sine
572 999 693 1076 legibus,
704 1002 764 1058 sine
775 999 907 1074 imperio,
987 1012 988 1047 l

219 1079 338 1139 liberum
355 1099 433 1158 atque
444 1079 573 1158 sttlactum.
595 1079 722 1155 Quidam
739 1099 833 1155 aurem
849 1099 908 1138 tra·

219 1159 296 1232 ⁸dunt
313 1165 392 1221 terris
409 1159 517 1220 diluvio
531 1162 693 1240 coopertis,
713 1163 817 1241 passim
836 1160 909 1220 mul-

219 1260 270 1301 ‚tos
289 1240 461 1303 diversarum
477 1244 626 1325 regionum
644 1245 674 1301 in
689 1241 854 1311 montibus,
871 1239 908 1299 ad

219 1344 299 1404 quos
319 1322 533 1406 confugerant,
554 1318 702 1381 constitiss'e
727 1343 785 1380 :ex
806 1323 909 1402 quibus

221 1402 366 1483 ‚quosdam
387 1402 482 1463 sedem
502 1422 686 1483 quaerentes,
712 1405 856 1483 pervedios
879 1404 909 1463 in

221 1483 367 1554 ltaliam,
392 1484 566 1566 Aborigines
592 1484 745 1564 appellatos
769 1528 780 1553 ,
811 1480 911 1544 Graeci
989 1544 990 1567 p

227 1561 332 1624 scilicet
350 1564 558 1644 appellatione,
577 1562 595 1623 ‘a
610 1565 802 1624 cacuminibus
819 1585 909 1623 mon·
989 1588 990 1641 ς

179 1644 182 1651 ’
215 1647 321 1715 rium,
343 1648 394 1726 qui
407 1645 448 1704 illi
459 1667 516 1705 orae
530 1643 645 1707 faciunt.
657 1646 717 1706 Alii
729 1644 830 1705 volunt
841 1666 911 1717 eos,
989 1720 990 1727 ἵ

227 1720 306 1806 quod
326 1745 449 1786 errantes
468 1725 519 1786 illd
535 1731 683 1797 venerint,
698 1724 792 1806 primd
810 1726 910 1785 Aber-

221 1809 367 1947 ripenes,
390 1805 451 1888 post
479 1806 588 1867 mutari
609 1806 665 1879 und
688 1805 807 1878 litterd,
826 1805 912 1867 alteri
990 1866 991 1885 p

221 1909 246 1947 a
266 1885 385 1970 empti,
404 1888 577 1971 Aborigines
604 1890 832 1971 cognominatos.
853 1887 913 1949 Eos

163 1968 166 1977 ⁴
230 1968 409 2044 advenientes
425 1970 506 2030 Picus
516 1973 642 2049 excepit,
659 1966 802 2049 permiilos
817 1973 913 2029 vivere

223 2068 261 2108 nt
279 2051 392 2111 vellent.
417 2049 483 2110 Post
503 2051 601 2110 Picum
624 2052 753 2133 regnavit
776 2053 807 2123 in
831 2048 914 2110 ltaliit

228 2131 372 2201 faunus,
395 2153 480 2211 quem
506 2129 523 2190 *a
548 2131 635 2192 fando
657 2130 764 2192 dietum
787 2133 913 2202 volunt,

229 2206 309 2291 quod
332 2212 357 2272 is
384 2210 455 2275 solet
477 2211 572 2273 futura
597 2217 744 2293 precinere
763 2214 914 2284 versibus,

230 2313 304 2373 quos
317 2293 464 2355 Saturnios
477 2293 595 2354 dicimus
608 2318 614 2350 t
635 2294 713 2376 quod
728 2312 817 2377 genus
830 2295 916 2354 metri

223 2377 261 2433 in
281 2376 481 2435 vaticinatione
506 2376 641 2436 Saturniae
663 2378 788 2456 primum
808 2375 913 2456 prodi-

230 2475 293 2516 tum
307 2454 353 2516 est.
375 2455 430 2516 Sed
446 2457 545 2516 urbem
559 2457 714 2526 Saturnus,
727 2454 791 2515 crim
808 2459 838 2516 in
857 2457 916 2516 Ita-

232 2539 301 2598 liam
318 2535 457 2609 venisset,
476 2534 628 2598 condidille
649 2537 775 2598 traditur.
791 2537 866 2618 Ejus
879 2539 916 2598 rei

203 2631 208 2637 '
227 2614 341 2679 Ennius
359 2618 432 2680 testis
449 2618 507 2691 est,
525 2617 590 2679 etim
607 2622 667 2679 air:

259 2709 392 2770 Versibus
398 2733 463 2789 quos
476 2713 542 2771 olim
547 2711 638 2771 Fauni
644 2709 769 2789 uatesque
774 2711 916 2773 canebant.

227 2809 318 2887 ¹Hunc
337 2815 465 2877 Faunum
482 2816 605 2899 plerique
625 2815 745 2877 e'undem
766 2815 916 2879 Silvanum
