2056 3628
285 260 464 329 Lraan
511 259 583 329 VL
724 266 763 350 65

106 379 217 439 civitates
228 379 315 438 Ponti
326 380 530 450 nobilissimas,
544 380 632 458 cepit:
647 376 770 439 secundo

104 462 187 538 pralio
202 461 277 541 apud
292 460 399 522 Cabira
409 462 551 520 civitatem
563 505 572 531 ‚
585 458 644 543 qub
663 459 769 543 ingen-

105 558 139 600 tes
158 545 248 622 copias
270 563 305 601 ex
323 543 404 601 omni
429 563 516 625 regno
537 540 689 601 adduxerat
709 541 771 602 Mi-

105 619 245 694 thridates,
277 622 340 682 crim
365 625 480 704 triginta
505 624 605 682 millia
620 624 771 683 ledissima

104 706 167 785 regis
179 703 194 762 ‘a
206 708 332 786 quinque
350 705 476 764 millibus
489 705 686 763 Romanorum
699 703 769 766 vas-

105 801 154 849 tata
177 782 278 858 essent,
300 783 482 846 Mithridates
509 783 622 868 fugatus
654 784 712 856 est,
742 796 770 847 dc

104 864 179 925 castra
200 873 256 946 ejus
283 867 399 948 direpta.
424 867 559 927 Armenia
578 888 691 947 quoque
713 862 772 926 Mi-

105 967 164 1017 nor,
188 970 273 1029 quam
298 968 442 1020 tenuerat,
466 947 558 1007 eidem
585 946 693 1007 sublata
722 946 769 1008 est.

106 1025 238 1123 Susceptus
259 1050 357 1089 tamen
380 1027 419 1088 est
438 1027 620 1089 Mithridates
642 1027 703 1109 post
718 1027 769 1089 fu-

106 1126 163 1198 gam
182 1131 198 1168 a
215 1111 342 1193 Tigrane
360 1112 500 1171 Armeniae
520 1132 586 1193 rege
606 1134 613 1167 ι
660 1112 688 1167 ui
710 1108 773 1169 ttim

106 1195 202 1271 ingenti
223 1191 314 1274 glorta
333 1193 513 1272 imperabat,
532 1189 628 1252 Persas
639 1132 714 1269 saepe
732 1193 773 1250 vi-

106 1289 182 1342 cerat,
195 1273 278 1333 Meso
299 1276 438 1333 oramirm
451 1292 659 1353 occupaverat,
670 1281 697 1331 &
711 1272 770 1353 Sy-

107 1351 185 1423 riam,
207 1365 233 1415 dc
254 1296 404 1415 Plioenices
422 1375 538 1435 partem.

141 1432 190 1494 IX.
202 1437 278 1519 Ergo
299 1438 431 1496 Lucullus
452 1456 577 1516 repetens
588 1512 590 1517 y
602 1430 710 1494 hostem
729 1433 772 1495 fu⁴

108 1530 211 1593 garum,
232 1519 320 1577 etiam
336 1535 455 1601 regnum
470 1517 623 1599 Tigranis,
645 1518 695 1596 qui
714 1521 770 1576 Ar-

107 1598 193 1656 meniis
214 1599 388 1679 imperabat,
408 1596 542 1680 ingrelsus
561 1597 607 1656 cst.
625 1595 770 1679 Tigrano-

108 1692 188 1747 certa,
211 1682 353 1741 civitatem
376 1682 516 1740 Atmeniae
538 1679 769 1750 nobilissimam,

108 1759 192 1835 cepit:
211 1764 304 1840 ipsum
325 1782 441 1843 regern,
461 1783 524 1820 cum
549 1759 685 1820 sexcentis
704 1761 772 1818 mil-

107 1835 168 1898 libus
192 1843 428 1914 clibanariorum‚
451 1852 477 1903 δι
506 1862 618 1901 centum
645 1839 771 1902 millibus

107 1913 300 2001 sagittariorum
327 1934 355 1984 &
386 1942 559 1984 armatorum
590 1923 771 1993 venientem,

107 1996 313 2078 septem-decim
334 2006 424 2065 millia
445 2005 568 2063 militum
585 2000 712 2073 habens,
731 2004 771 2063 ita

106 2081 180 2154 vicit,
197 2107 226 2146 ut
242 2108 380 2170 magnam
393 2106 499 2167 partem
508 2086 708 2144 Armeniorum
725 2083 771 2144 de-

107 2159 197 2225 leverit.
220 2168 290 2229 inde
308 2168 424 2229 Nisibin
444 2166 600 2246 profesius,
614 2187 678 2226 eam
697 2188 771 2246 quo-

107 2261 153 2321 que
163 2249 302 2309 civitatem
314 2271 378 2308 cunt
386 2248 549 2330 tegisfratre
559 2249 639 2327 cepit.
651 2247 706 2308 Sed
720 2244 770 2320 hi,

107 2343 168 2402 quos
196 2331 224 2389 in
246 2331 342 2390 Ponto
368 2330 500 2389 Lucullus
528 2331 677 2409 reliquerat
707 2349 771 2388 cum

107 2408 225 2470 exercitiis
250 2431 349 2492 parte,
374 2431 404 2470 ut
426 2412 554 2494 regiones
574 2411 661 2470 vic‘irs
685 2412 772 2468 etiam

106 2481 290 2552 Romanomm
314 2512 469 2563 tuerentur,
495 2492 670 2573 negligenter
691 2489 719 2549 se
745 2498 772 2548 &

106 2571 178 2628 avari
201 2594 335 2657 agentes,
369 2576 547 2634 occasionem
577 2575 677 2630 iterum
704 2570 771 2628 Mi-

106 2643 209 2713 thridati
228 2658 259 2715 in
279 2654 403 2715 Pontum
419 2651 591 2734 irrumpendi
612 2649 770 2710 dederuut:

104 2747 179 2811 atque
199 2738 238 2796 ita
262 2736 369 2795 bellum
389 2755 556 2796 renovatum
580 2730 627 2793 est.
652 2733 771 2792 Lucullo

105 2818 220 2901 paranti,
237 2815 320 2898 capti
337 2818 448 2888 Nisibi,
469 2834 566 2876 contra
580 2812 677 2878 Persas
692 2835 773 2897 expe·

106 2888 253 2970 ditionem,
276 2894 411 2958 successor
429 2896 467 2958 est
483 2894 587 2959 missus.
