1982 3614
233 275 299 362 258
385 269 511 341 Aure.
540 270 757 342 Vrcrou

230 402 350 461 manet3
370 394 474 471 quippe
493 390 656 451 conditione
675 392 733 452 loci
746 389 894 471 mutatlpess

228 475 336 551 juribus
351 474 465 554 flugitiis
481 474 623 554 agitatur,
639 473 707 532 dum
732 472 833 532 aviditis
850 494 894 552 pe·

230 551 375 621 riculosa,
390 550 546 634 quibusque
560 554 695 614 mortales
708 551 892 634 probibentur,

250 652 335 694 erunt.
360 633 426 693 Huc
455 633 590 704 accedit,
616 636 695 715 quod
721 635 807 718 longi
832 634 894 694 aliud

228 653 413 775 littuscorum
437 733 508 774 artes
535 718 719 787 cecinerant,
743 737 803 797 que
824 716 895 774 bonit

227 813 303 874 parte
313 793 434 875 plurimi
444 796 599 873 jacentibus
607 797 807 857 mollissimum
814 817 893 877 quem

227 895 282 955 que
297 876 412 937 beatum
424 875 486 935 fore
504 872 666 938 afferebant.
682 878 740 937 Eos
754 898 807 960 ego
824 880 895 959 igno·

224 952 294 1015 risle
316 977 416 1018 verum
438 958 520 1036 plane
565 977 622 1018 uto.
645 959 761 1019 Etenim
782 961 894 1040 quamvis
965 964 966 1029 j

227 1055 321 1096 rerum
341 1040 470 1098 omnium
508 978 621 1118 roipero
642 1035 785 1108 succellu,
804 1038 894 1120 pudore
965 1074 966 1093 2

229 1115 328 1178 amiffo
342 1137 437 1180 tumen
450 1162 461 1188 ,
483 1059 641 1179 litrtunatus
656 1123 719 1201 quis
733 1116 786 1180 effe
800 1117 892 1200 potestl
965 1112 966 1129 ¹

228 1198 293 1259 crim
308 1199 408 1259 eodem
422 1218 551 1270 retento,
566 1219 663 1260 caetera
673 1200 830 1261 tolerabilia
842 1202 892 1261 sint
965 1220 966 1227 ¹

227 1277 282 1340 His
305 1279 372 1341 adlit
397 1279 457 1340 filio
482 1281 557 1342 Urbi
580 1279 702 1351 reliiio,
726 1280 786 1362 ipse
809 1303 895 1363 quam-

227 1381 314 1440 quam
335 1361 422 1421 debili
441 1382 489 1442 per
511 1380 621 1422 atatem
643 1382 760 1441 corpore
779 1408 789 1434 ‚
811 1362 896 1422 adver·
965 1402 966 1419 2

227 1442 287 1500 uim
298 1441 420 1501 Decium
430 1441 567 1522 profedlus
575 1488 584 1513 ,
591 1443 716 1503 Veronae
726 1443 819 1513 cadit,
829 1438 894 1523 pulso

228 1518 383 1603 amilloque
394 1526 524 1583 exercitu.
540 1522 614 1600 Quis
627 1523 727 1584 Romae
738 1525 893 1604 compertis,

227 1602 302 1682 apud
316 1601 403 1663 castra
421 1605 556 1664 Praetoria
571 1602 647 1665 filius
661 1602 834 1666 interficitur.
845 1604 895 1665 m·

226 1704 280 1745 nos
298 1688 429 1763 potentiae
447 1687 571 1765 quinque
590 1687 681 1769 egire.

267 1762 409 1825 XXIX.
431 1765 470 1825 Et
489 1767 596 1826 Decius
622 1766 820 1828 Sirmiensium
842 1769 893 1826 vico
966 1814 967 1825 ,

227 1864 330 1916 ortus,
349 1847 457 1907 militiae
479 1843 569 1930 produ
594 1847 630 1907 ad
650 1847 805 1929 Imperium
828 1843 896 1907 cons·

226 1929 388 2004 piraeeum,
402 1928 548 2009 laetiorque
568 1925 692 1989 hostium
707 1949 777 1989 nece
791 1975 800 2001 ,
819 1927 894 1988 filiun

226 2005 377 2068 Etruscum
404 2011 547 2080 nominc,
568 2007 712 2070 Caesarem
732 2008 802 2071 facit
821 2033 830 2081 3
850 2005 895 2066 {ia-
966 2020 967 2053 1

227 2087 336 2167 timquc
362 2108 397 2147 eo
412 2092 451 2149 -in
479 2089 591 2169 illyrios
620 2087 787 2170 praemi1lo‚
809 2090 894 2149 Rome
966 2104 967 2111 ¹

229 2166 406 2248 aliquantum
429 2189 556 2230 moratur
568 2174 707 2232 rnoenium
720 2169 832 2254 graui,
845 2188 895 2250 qut
966 2200 967 2205 κ

227 2247 366 2319 instituit,
379 2249 609 2311 dedicandorum.
625 2252 663 2311 Et
675 2249 783 2312 interei
796 2252 830 2310 ad
842 2269 896 2308 eum
966 2266 967 2297 ὲ

226 2329 370 2410 Jotapiani
391 2334 466 2412 (qui
489 2329 645 2392 Alexandri
668 2350 781 2392 tumens
802 2332 894 2411 stirpe,

219 2431 276 2490 pet
295 2411 407 2491 Syriam
427 2431 537 2472 tentans
559 2434 657 2484 nova,
678 2415 801 2473 militum
825 2411 894 2472 arbi-

227 2495 283 2552 trio
302 2493 499 2568 occubuerat)
518 2512 568 2552 ora
579 2538 591 2562 ,
613 2497 655 2553 uti
676 2492 817 2562 mosell,
842 2494 896 2551 ino·

226 2571 325 2710 pinati)
352 2573 509 2644 feruntu13
530 2574 668 2656 simulque
694 2596 743 2656 per
769 2595 816 2634 eos
846 2571 894 2631 dies

253 2656 316 2713 ucio
340 2654 464 2725 Prisco,
487 2658 537 2736 qui
559 2656 736 2716 Macedonas
782 2652 897 2714 raesidatu

227 2734 374 2814 regebat,
402 2734 494 2796 delata
520 2734 678 2797 dominatio
705 2783 715 2806 ,
794 2733 896 2795 thorun

227 2812 386 2887 concursu,
399 2814 549 2899 postquam
566 2816 681 2899 direptis
697 2814 826 2878 Thracia
843 2813 896 2896 ple·
