1982 3614
252 288 318 354 268
393 282 770 365 AunVrcron

250 404 358 464 diderat
372 450 381 476 ,
393 406 595 464 circumventus
609 448 618 475 ,
633 405 708 485 apud
719 404 908 466 Caenofturium

250 487 377 556 interiit,
402 484 465 544 crim
490 485 537 545 ille
576 484 653 545 raedae
681 485 846 546 conscientiis
864 486 907 546 de·

250 566 387 647 liciique,
407 564 508 647 scripta
524 505 624 625 caiidu
644 570 799 647 composita
813 567 908 627 Tribu-

249 648 312 718 nis,
333 649 413 727 quasi
430 668 478 740 ger
526 649 636 718 ariam,
657 645 837 729 prodidillet,
857 650 910 728 qui-

248 728 300 785 bus
321 725 441 788 interfici
463 668 654 807 juiibantur,
678 730 775 811 illique
795 749 828 787 eo
845 747 910 786 meru

248 810 358 869 accensi
378 806 487 868 facinus
504 810 654 889 patravere.
676 808 784 869 Interei
802 809 909 878 milites,

248 886 350 947 omillo
371 889 522 969 Principe,
548 891 671 972 Legatos
688 889 782 949 statim
800 890 908 948 Romam

248 968 409 1041 destinant,
433 972 474 1029 uti
493 968 590 1050 suopte
609 970 743 1030 arbitratu
755 971 844 1030 Patres
855 970 907 1028 lm·

247 1069 405 1132 peratorem
420 1049 582 1134 deligerent,
601 1051 713 1128 Quibus
728 1050 783 1110 hoc
801 1049 908 1131 ipsorum

246 1134 426 1212 potissimum
446 1134 595 1192 convenire
611 1153 711 1192 munus
728 1130 907 1213 respondenti·

248 1213 325 1284 bus,
344 1212 450 1274 rursum
465 1212 592 1296 legiones
608 1212 645 1273 ad
664 1233 713 1274 eos
727 1215 856 1292 rejiciunt.
872 1211 907 1271 lta

246 1295 387 1375 utrimque
401 1293 506 1374 pudore
522 1317 555 1354 ac
569 1291 708 1365 modesti&
719 1294 907 1362 decertabatur,

246 1374 310 1439 rari
332 1376 362 1435 in
385 1372 548 1439 hominibus
568 1377 692 1447 virtute,
713 1376 794 1436 rebus
813 1370 876 1454 prael
894 1404 907 1416 -

247 1457 300 1513 tim
327 1451 513 1534 hujusmodi,
540 1477 573 1515 ac
595 1457 681 1537 prope
700 1454 800 1538 ignoti
819 1454 905 1513 militi·

246 1536 308 1596 bus.
333 1534 460 1596 Tantum
480 1538 587 1596 illevit
609 1535 753 1596 severitate
771 1555 849 1616 atque
866 1536 904 1593 in·

247 1619 382 1697 corruptis
401 1618 506 1677 artibus
526 1621 641 1698 potuit,
661 1635 691 1676 ut
709 1621 767 1695 ejus
784 1618 853 1676 necis
868 1633 907 1673 au·

247 1698 371 1757 notibus
391 1699 477 1757 exitio
501 1743 510 1769 ,
537 1701 628 1778 pravis
649 1699 762 1771 metui,
789 1695 905 1758 simulac

247 1777 363 1850 dubiis,
385 1779 495 1859 optimo
516 1781 616 1860 cuique
635 1778 793 1849 desiderio,
815 1773 905 1836 nemini

246 1858 402 1919 insolentiae
433 1879 482 1920 aut
511 1858 691 1919 ostentationi
722 1855 794 1919 ellet.
828 1858 905 1995 Aque

247 1942 334 2000 otiam
348 1939 422 2013 soli,
441 1942 522 2022 quasi
534 1940 679 2011 Romulo,
699 1939 848 2021 interregni
870 1955 905 2015 pe·
963 1952 964 1971 ¹

246 2023 304 2081 cies
318 2022 455 2094 obvenit,
475 2022 562 2104 longe
576 2018 644 2082 ueri)
661 2021 817 2104 gloriosior.
833 2013 904 2094 Quod
962 2018 963 2021 ’

246 2099 355 2161 facium
372 2103 508 2183 praecipue
525 2102 660 2172 edocuit,
682 2105 782 2161 cunila
800 2103 828 2159 in
844 2096 905 2156 orbis

246 2180 336 2241 modo
352 2184 445 2254 verti,
465 2181 592 2263 nihilque
610 2181 756 2253 accidere,
777 2179 849 2262 quod
860 2195 905 2235 rut·

245 2261 307 2322 stim
331 2283 433 2323 naturae
455 2265 498 2322 vis
519 2263 588 2325 ferre
609 2282 730 2344 nequeat
750 2265 801 2322 aevi
821 2259 903 2339 spatio.

244 2343 347 2405 Adhuc
365 2343 514 2404 virtutibus
532 2344 692 2425 Principum
712 2364 754 2403 res
772 2341 855 2401 attolli
870 2335 905 2395 fa·

245 2427 298 2485 cile
314 2469 325 2496 ,
346 2426 393 2485 vel
413 2425 552 2496 afflistas,
574 2423 674 2506 easque
692 2423 825 2483 firmiores
841 2438 902 2502 prz-

245 2527 308 2588 ceps
323 2509 399 2566 vitiis
418 2506 486 2566 dari.
672 2522 676 2527 ·

286 2587 426 2647 XXXVI.
442 2587 531 2670 igitur
545 2584 659 2645 tandem
672 2586 811 2656 Senatus,
827 2574 906 2641 mense

234 2670 354 2735 'circiter
383 2667 444 2747 post
472 2668 617 2728 Aureliani
645 2669 787 2726 interitum
813 2662 906 2751 serto„

194 2781 197 2785 >
246 2744 380 2811 Tacitum
404 2749 419 2806 ὲ
446 2747 635 2808 consularibus
661 2750 760 2805 mitem
785 2744 846 2805 sane
866 2758 905 2797 νι-

247 2847 330 2899 rum‚
349 2829 550 2909 imperatorem
566 2847 664 2899 creat,
685 2829 790 2889 tunciis
806 2823 858 2886 feru
872 2822 909 2879 lt·

365 2950 388 2993 δ
