2056 3628
227 210 273 278 34
395 186 714 254 Enrnoarr

226 325 345 386 tumque
367 301 406 363 est
425 304 532 364 bellum
552 303 654 363 Marco
677 300 802 369 Claudio
819 301 911 365 Mar·¹

228 389 324 456 cello,
346 385 404 447 Cn.
417 384 555 447 Cornelio
574 383 706 465 Scipione
724 382 908 448 Consulibus,

223 468 312 536 ¹Tunc
324 467 476 528 Marcellus
495 486 560 526 cum
577 464 662 547 parvi
679 487 767 527 manu
782 469 910 546 equitum

228 550 396 621 dimicavit,
421 557 448 608 &
469 569 565 633 regem
587 548 738 609 Gallorum
751 595 763 619 ,
784 548 909 609 Virido-

229 653 340 707 marum
359 632 498 700 nomine,
521 651 608 690 manu
627 627 682 695 sula,
693 628 807 690 occidit.
829 629 911 693 Post-

230 735 263 773 ea
284 734 349 772 cum
370 713 441 771 colle
464 710 480 771 *a
499 713 626 794 ingentes
642 713 738 791 copias
758 711 910 775 Gallorum

228 796 370 874 peremit,
388 733 589 855 MeSiolanum
608 795 805 874 expugnavit,
828 815 911 876 gran·

228 876 294 934 dem
316 874 438 955 praedam
455 875 581 934 Romam
597 876 732 954 pertulit3
753 896 785 934 ac
803 878 908 935 trium-

222 955 319 1036 phans
337 956 490 1017 Marcellus
511 954 601 1035 spolia
617 955 718 1027 Galli,
741 953 828 1037 stipiti
847 959 908 1018 irn-

229 1039 344 1119 posita,
366 1035 490 1097 humeris
509 1035 564 1098 luis
579 1039 663 1097 vexit.
896 1092 899 1097 .

268 1120 348 1179 VII.
370 1119 414 1178 M.
435 1120 567 1179 Minucio
590 1118 692 1190 Rufo,
717 1119 748 1178 P.
770 1119 911 1183 Cornelio

228 1199 404 1263 Consulibus
413 1197 514 1261 Histris
526 1201 632 1260 bellum
644 1201 754 1260 illatum
767 1198 806 1259 est
819 1247 828 1272 ,
841 1205 910 1282 quia

227 1282 391 1343 latrocinati
423 1303 509 1343 naves
538 1282 735 1341 Romanorum
768 1281 877 1343 fuerant
897 1331 911 1355 ,

223 1354 290 1423 ‘uae
318 1363 458 1423 frumenta
482 1361 679 1435 exhibebant,
702 1362 910 1446 perdomirique

228 1386 293 1504 lunt
316 1465 426 1505 omnes·
450 1444 562 1505 Eodem
588 1466 664 1515 anno
687 1445 794 1507 bellum
816 1446 909 1506 Puni-

230 1547 295 1587 cum
320 1524 474 1586 secundum
496 1526 635 1586 Romanis
661 1526 772 1589 illatum
796 1525 835 1586 est
861 1534 914 1608 pc'r

222 1606 426 1671 ,Hannibalem
457 1604 739 1690 Carthaginiensium
770 1608 871 1668 ducem
901 1633 912 1682 3

227 1691 280 1770 qui
300 1689 460 1772 Saguntum
480 1686 625 1768 Hispaniae
650 1691 818 1760 civitatem,
842 1690 911 1750 Ro-

228 1772 322 1831 manis
340 1771 485 1842 amicam,
507 1791 670 1853 oppugnare
692 1768 832 1866 aggreffus
849 1770 913 1845 est,

228 1873 338 1913 annum
355 1873 442 1937 agens
458 1853 625 1912 vicesimum
645 1851 831 1924 aetatrsluae,
855 1875 911 1913 co-

229 1936 283 2014 piis
314 1934 492 2018 congregatis
526 1953 638 1995 centum
668 1943 695 1993 &
723 1934 914 2018 quadraginta

220 2016 362 2091 millium.
389 2015 466 2075 Huic
491 2013 619 2077 Romani
647 2036 695 2094 per
720 2016 829 2099 legatos
855 2017 912 2077 de-

228 2099 458 2164 nunciaverunt,
479 2115 510 2156 ut
536 2096 613 2159 bello
636 2095 793 2159 abstineret.
821 2097 848 2158 ls
871 2100 914 2158 le-

229 2198 313 2260 gatos
324 2176 471 2239 admittere
484 2177 585 2241 noluit.
600 2178 727 2243 Romani
740 2181 825 2239 etiam
840 2179 916 2240 Car-

229 2257 377 2343 thaginem
398 2256 557 2332 miserunt,
578 2278 610 2319 ut
631 2259 810 2325 mandaretur
821 2259 911 2322 Han—

216 2340 342 2414 nibali,
367 2361 402 2403 ne
431 2340 538 2401 bellum
567 2360 664 2404 contra
691 2341 784 2403 socios
812 2345 914 2423 populi

227 2422 355 2483 Romani
373 2442 487 2506 gereret.
507 2424 587 2485 Dura
604 2421 737 2505 responsa
755 2421 772 2483 b
788 2421 915 2486 Cartha·

228 2504 404 2588 giniensibus
424 2503 541 2565 reddita.
564 2505 716 2588 Saguntini
733 2509 838 2565 interea
860 2505 912 2567 fa-

229 2608 275 2646 me
305 2590 374 2648 vicii
404 2585 491 2658 sunt,
518 2590 649 2668 captique
679 2587 717 2648 ab
745 2586 913 2648 Hannibale

227 2669 334 2738 ultimis
357 2673 446 2748 poenis
459 2670 624 2731 afficiuntur.

268 2749 372 2824 VIII·
392 2749 474 2817 Tum
498 2751 613 2813 Publius
632 2750 789 2813 ,Cornelius
813 2750 914 2833 Scipio
