1972 3624
192 220 259 289 330
308 194 434 266 Ant.
463 194 746 266 Vreronts

178 322 295 393 ‚Severo
310 338 357 396 per
373 317 486 377 Italiam
497 361 506 385 ,
519 314 685 377 Maximino
699 313 800 374 Galerii
813 308 854 372 so·

188 402 257 460 roris
277 397 337 457 lilio
375 418 402 456 er
422 397 570 456 Orientem
590 421 597 454 ι
622 400 775 480 eodemque
792 419 856 457 tem-

189 501 256 561 pore
274 419 476 541 Conslantinus
496 475 593 538 Caesar
605 479 729 540 efficitur.
747 481 857 541 Maxen-

189 563 244 621 tius
270 561 426 638 Imperator
455 561 485 618 in
513 558 582 619 villa
612 557 659 619 sex
686 563 805 621 millibus
825 563 859 622 ab

191 641 270 704 Urbe
297 639 417 701 discreti
444 639 542 701 itinere
573 641 744 713 Lavicano,
767 640 860 701 dehinc

192 723 318 781 Licinius
339 717 483 805 Augustus
497 721 612 781 efficitur
621 744 631 791 3
647 725 763 804 parique
782 723 861 782 modo

191 802 349 863 Alexander
359 801 431 882 apud
443 798 648 884 Carthaginem
659 801 845 883 Imperatorlit
851 826 861 874 3

193 884 334 964 similique
351 881 440 943 modo
450 882 558 943 Valens
574 883 730 964 Imperator
746 903 863 945 creatur:

193 986 313 1047 quorum
331 962 418 1025 exitus
437 959 488 1023 iste
504 961 567 1025 fuit.

234 1044 349 1107 Severus
367 1044 403 1105 ab
419 1043 555 1103 Herculio
574 1044 756 1107 Maximiano
773 1046 865 1105 Roma

194 1126 230 1185 ad
244 1146 297 1185 tres
311 1125 439 1187 tabernas
454 1126 644 1206 extinguitur,
663 1125 801 1207 funusque
815 1132 867 1205 ejus

195 1207 321 1268 Gallieni
342 1203 465 1348 leXulcro
485 1204 625 1275 infertur,
646 1208 724 1287 quod
743 1210 782 1269 ab
794 1208 868 1269 Urbe

196 1285 273 1346 abest
330 1308 344 1347 r
392 1287 487 1365 ppiam
506 1287 632 1347 millibus
649 1309 765 1349 novem.
788 1288 869 1349 Gale-

196 1370 252 1427 rius
314 1368 490 1436 ammianus,
516 1364 688 1446 consumptis
708 1369 870 1450 genitalibus

197 1447 310 1508 defecit.
340 1448 538 1509 Maximianus
561 1448 710 1509 Herculius
738 1447 755 1509 it
782 1447 871 1509 Conl-

197 1531 308 1607 tantino
328 1527 402 1609 apud
423 1528 583 1591 Massiliam
600 1525 723 1589 obsellus
738 1576 750 1599 ,
777 1529 872 1593 deinde

199 1630 317 1689 captus,
343 1630 440 1686 poenas
464 1608 541 1668 dedit
561 1611 661 1671 mortis
691 1631 792 1692 genere
813 1608 872 1690 pos-

199 1711 312 1761 tremo,
333 1687 427 1749 stadiis
450 1691 554 1771 laqueo
575 1691 737 1752 cervicibus.
755 1693 874 1753 Alexan·

201 1772 248 1837 der
269 1770 285 1831 *a
303 1767 485 1832 Constantini
505 1773 625 1833 exercitu
645 1773 797 1854 jugulatur.
810 1773 874 1833 Ma·
933 1797 937 1807 ·
960 1794 961 1799 “

200 1855 308 1915 sentius
328 1851 397 1912 dum
418 1850 546 1913 adversus
565 1850 787 1915 Constantinum
812 1875 876 1915 con·

173 1927 176 1934 '
202 1934 346 2028 greditur,
367 1930 451 2013 pauld
469 1930 592 2012 superius
608 1930 625 1992 it
641 1952 728 2015 ponte
746 1934 876 2005 Mulvio,

203 2036 232 2074 rn
254 2033 369 2094 pontem
388 2015 509 2096 navigiis
528 2015 719 2093 compositum
739 2015 776 2075 ab
798 2016 877 2075 latere

204 2095 311 2176 ingredi
330 2093 479 2164 festinans,
493 2092 572 2173 lapsu
586 2096 652 2176 equi
668 2097 697 2153 in
708 2095 876 2175 profundum

204 2173 344 2235 demersus
361 2172 419 2245 est,
439 2195 624 2255 voratumque
643 2175 737 2246 limo,
760 2177 879 2257 pondere

205 2254 356 2336 thoracis,
382 2276 480 2334 corpus
501 2257 550 2315 vix
572 2274 721 2335 repertum.
744 2258 880 2317 Maximi·

206 2358 257 2397 nus
280 2335 354 2417 apud
379 2333 501 2396 Tarsum
526 2357 619 2397 morte
645 2338 767 2415 simplici
791 2340 878 2418 periit.

206 2419 315 2479 Valens
342 2414 492 2479 iLicinio
520 2437 613 2479 morte
637 2418 782 2479 multatur.
813 2418 881 2479 Fue-

207 2520 272 2559 runt
304 2518 398 2559 autem
424 2519 535 2559 morum
561 2495 732 2577 hujusmodi
756 2499 883 2560 Aurelius

209 2581 402 2641 Maximianus
418 2598 612 2662 cognomento
627 2579 799 2649 Herculius,
815 2578 883 2638 ferus

211 2660 330 2733 naturd,
357 2662 454 2722 ardens
476 2660 624 2730 libidine,
653 2661 779 2720 consiliis
809 2658 885 2718 stoli-

212 2742 281 2814 dus,
294 2761 358 2803 ortu
369 2740 470 2826 agresti
482 2743 694 2822 Pannonioque.
709 2739 788 2802 Nam
801 2742 885 2805 etiam
