2010 3616
237 305 301 368 172
335 278 765 369 ,adumVicroa

983 186 984 223 t

230 401 333 469 deret,
348 400 458 459 Mutius
473 398 608 470 Cordus,
628 402 670 459 vir
686 399 822 458 Romanae
839 418 899 456 eon·
983 408 984 439 1

232 480 362 552 stantiae,
381 481 515 540 Senatum
534 480 605 539 adiit
616 525 626 553 ,
646 489 673 540 &
689 482 801 540 veniam
821 499 900 538 trans·

232 561 362 645 fugiendi
380 563 481 641 petiit,
502 583 599 621 necem
617 562 690 643 regis
708 562 899 640 repromittens.
983 592 984 619 ;

231 639 357 723 Acceptd
372 641 529 722 potestate,
551 644 582 701 in
597 641 683 702 castra
701 641 844 701 Porsennae
858 661 902 698 ve·
983 636 984 707 1

232 725 299 794 nit,
322 723 418 805 ibique
441 743 620 804 purpuratum
647 744 698 803 pro
720 724 799 805 Rege
823 721 912 781 dece·v
983 710 984 771 1

231 824 295 894 ptus
323 802 436 864 occidit.
461 802 680 884 Apprehensus,
705 813 733 863 &
756 805 792 863 ad
816 823 903 942 [εἴπῃ

231 889 407 967 pertractus,
435 885 562 945 dextram
589 887 643 945 aris
672 883 829 965 imposuit,
873 906 904 942 oc

155 1033 158 1039 ¹
233 965 284 1046 sup
304 965 452 1026 liciter-ea
466 970 602 1050 exigens,
624 964 702 1048 qubd
717 968 747 1026 in
763 966 834 1026 eaede
848 986 906 1046 pec·
983 1022 984 1033 ,

234 988 324 1108 cidit.
350 1046 436 1110 Unde
461 1045 525 1108 etim
548 1045 740 1107 misericordi&
765 1049 837 1131 regis
855 1048 904 1106 ab·
983 1036 984 1129 1

232 1127 510 1211 straheretut,quasi
520 1127 689 1190 beneficium
700 1129 840 1199 referens,
854 1131 905 1199 ait,
983 1138 984 1207 1

234 1231 371 1271 trecentos
394 1209 522 1271 adverstis
543 1231 608 1271 eum
626 1212 731 1271 similes
753 1206 906 1290 conjurallle.
983 1218 984 1281 1

234 1293 351 1379 Ωυζῑε
371 1292 417 1350 ille
438 1296 567 1363 territus,
588 1293 694 1351 bellum
714 1295 834 1371 acceptis
854 1293 906 1350 ob·
983 1290 984 1371 1

235 1371 496 1453 sidibus'deposuit.
517 1375 614 1433 Mutio
635 1391 713 1454 prata
734 1394 809 1433 trans
825 1372 908 1431 Tibe·
983 1402 984 1405 ¹

234 1457 289 1512 rim
310 1454 396 1525 data,
418 1454 454 1514 ab
479 1476 513 1513 eo
535 1456 629 1514 Mutia
652 1455 801 1535 appellata.
819 1455 908 1514 Statua

236 1557 294 1617 quo
317 1557 350 1593 ue
369 1538 394 1593 ei
410 1533 526 1596 honoris
566 1535 636 1595 ratila
653 1535 802 1596 constituta
819 1534 865 1595 est.

275 1557 357 1676 Xlfl.
380 1615 522 1676 Porsenna
541 1558 675 1678 iloeliam
694 1619 845 1701 Virginem
865 1638 910 1675 no·
983 1620 984 1709 1

236 1697 324 1757 bilem
348 1700 419 1757 inter
439 1698 551 1759 obsides
575 1704 706 1777 accepit,
726 1721 790 1779 quae
812 1699 909 1787 decep·
983 1720 984 1803 p

208 1820 210 1823 -
237 1780 272 1838 tis
295 1777 477 1850 custodibus,
497 1784 584 1840 nodtu
603 1779 695 1840 castris
714 1786 772 1859 ejus
794 1781 910 1862 egressa,
983 1806 984 1889 p

237 1882 365 1941 equum,
392 1882 477 1942 quem
499 1861 555 1920 fors
568 1854 711 1931 dederat,
734 1864 912 1941 arripuit,&
983 1904 984 1941 p

236 1939 368 2002 Tiberim
388 1944 504 2022 trajecit.
526 1943 554 2002 A
572 1939 714 2001 Porsennl
738 1964 785 2022 per
810 1942 913 2025 legatos
983 1946 984 2013 1

238 2025 375 2100 repetita,
400 2023 509 2082 reddita
531 2021 577 2082 est.
601 2023 691 2101 Cujus
716 2025 763 2082 ille
786 2026 914 2083 virtutem
983 2016 984 2105 1

237 2103 412 2173 admiratus,
432 2126 496 2163 cum
510 2105 611 2185 quibus
625 2100 741 2184 opttiffet
754 2106 785 2163 in
799 2107 916 2185 patriam
983 2114 984 2169 ἶ

237 2182 350 2256 redire,
371 2188 504 2264 permisit.
534 2185 586 2245 Illa
614 2187 736 2267 virgines
764 2185 918 2267 puerosque
983 2176 984 2199 1

238 2265 348 2348 elegit,
369 2287 490 2346 quorum
511 2264 620 2326 aetatem
637 2269 743 2346 injuria:
761 2269 918 2329 obnoxiam

237 2345 351 2408 sciebat.
373 2347 450 2407 Huic
471 2347 559 2409 statua
578 2344 708 2428 equestris
731 2350 760 2406 in
782 2348 847 2408 soro
867 2370 920 2429 po·

237 2432 299 2491 sita.

277 2510 370 2573 XIV.
393 2508 519 2575 Romani
537 2508 600 2570 crim
620 2509 765 2571 adverstim
783 2511 920 2572 Veientes

239 2587 397 2664 bellarent,
425 2614 473 2652 eos
491 2592 546 2652 sibi
566 2590 657 2652 hostes
679 2592 791 2652 familia
809 2595 920 2652 Fabio-

237 2692 300 2730 rum
321 2677 429 2753 privato
446 2676 563 2735 nomine
583 2672 731 2757 deposcit,
757 2683 784 2733 δι
802 2673 923 2754 profecti

238 2757 354 2812 trecenti
378 2752 447 2825 sex,
474 2755 542 2814 duce
559 2756 649 2814 Fabio
674 2752 828 2827 Consule,
855 2755 921 2814 fue-

240 2853 311 2895 runt.
327 2832 405 2896 Cdnr
417 2834 487 2918 saepe
501 2839 620 2897 vietores
639 2832 800 2898 exstitissent
814 2837 924 2918 „apud
