2056 3628
234 264 277 346 78
427 258 738 327 Eur'aoazt

233 381 361 460 quinon
387 374 530 437 immerito
548 397 582 435 ex
604 374 730 437 maximi
751 395 828 458 parte
850 377 920 438 Deo
1009 398 1010 407 ¹

233 460 333 520 similis
350 456 389 516 est
410 477 521 538 putatus
537 480 545 514 t
561 477 651 538 neque
671 457 853 525 enimkfaeile
871 460 921 518 oi-

234 541 277 600 lus
298 561 333 599 eo
355 541 453 599 autin
475 539 556 615 bellis
577 538 687 597 felicior
711 535 789 610 fuit,
812 557 861 599 aut
888 542 922 599 in

233 641 304 702 pace
317 619 499 680 moderatior.
515 618 734 714 (Quadraginta
749 628 777 679 &
796 639 922 700 quatuor

143 776 147 783 ,
234 702 341 772 annis,
357 700 458 782 quibus
473 699 549 761 solus
568 702 653 783 gessit
663 701 813 780 imperium
825 708 860 775 ,>
874 703 921 759 ci·

235 781 373 842 vilissime
389 784 460 843 vixit
477 805 483 840 :
502 783 533 841 in
553 784 668 842 cuneos
685 782 920 853 liberalissimus,

235 865 268 921 in
293 863 400 923 amicos
423 860 600 934 fidissimus3
622 884 694 943 quos
717 863 802 922 tantis
827 864 923 922 evexit

237 940 416 1014 bonoribus,
435 961 467 1003 ut
479 943 551 1024 pene
567 963 689 1025 aequaret
707 940 822 1025 fastigio
836 940 900 1003 suo.

278 1023 338 1085 IX.
358 1024 448 1084 Nullo
473 1042 599 1103 tempore
623 1042 689 1084 ante
708 1044 774 1082 eum
793 1043 837 1082 res
857 1023 924 1086 Ro-

237 1125 325 1166 mana
346 1125 395 1165 ma
418 1107 440 1165 's
461 1106 555 1165 floruit
574 1127 580 1160 :
601 1127 691 1176 nam,
716 1105 838 1184 exceptis
861 1103 923 1164 Ci-

238 1186 342 1246 vilibus
370 1125 450 1246 beiiis
464 1231 484 1257 ,.
502 1188 532 1245 in
560 1187 663 1266 quibus
692 1187 813 1246 invictus
837 1182 923 1256 fuit,

237 1264 375 1328 Romano
391 1265 493 1345 adjecit
509 1268 627 1347 imperio
637 1265 821 1348 AEgyptum,
839 1264 925 1325 Can-

216 1360 218 1364 ’
240 1348 387 1419 tabriam,
406 1348 606 1419 Dalmatiam,
624 1346 696 1429 saepe
714 1365 779 1407 ante
793 1348 924 1418 vietam,

239 1426 290 1488 sed
310 1425 418 1509 penitus
439 1448 506 1488 tunc
525 1426 696 1499 subactam
719 1429 925 1500 Pannoniam,

185 1541 189 1544 ·
240 1510 450 1589 Aquitaniam,
467 1509 633 1589 Illyricum,
650 1510 791 1579 Raetiam,
811 1508 926 1568 Vinde-

241 1589 313 1649 licos
324 1634 335 1661 ,
355 1598 382 1650 &
394 1587 513 1650 Salassos
526 1592 556 1650 in
566 1589 687 1669 Alpibus
698 1612 707 1660 3
723 1610 823 1649 omnes
835 1589 925 1649 Ponti

242 1672 399 1730 maritimas
421 1672 547 1731 civitates
568 1694 575 1727 :
595 1673 627 1730 in
643 1669 687 1731 his
703 1671 896 1730 nobilissimas
915 1715 926 1742 ,

227 1754 228 1758 ’
241 1749 400 1832 Bosporum
411 1752 650 1832 &Panticapaeon.
662 1753 744 1811 Vicit
753 1771 847 1814 autem
860 1772 928 1830 prae·

242 1831 290 1892 liis
304 1832 426 1904 Dacos;
449 1832 658 1894 Germanorum
679 1835 808 1917 ingentes
829 1834 928 1911 copias

244 1913 346 1973 cecidit
358 1936 368 1984 3
393 1911 467 1995 ipsos
481 1935 594 1995 quoque
606 1933 681 1974 trans
694 1914 793 1974 Albim
807 1914 928 1972 fluvium

242 1991 417 2066 submovit,
440 1996 490 2075 qui
516 1996 546 2055 in
572 1994 720 2055 barbarico
745 1995 833 2077 longe
855 1991 929 2052 ultt‘a

235 2071 380 2134 ‘Rhenum
396 2073 456 2132 est:
475 2072 531 2134 hoc
545 2095 642 2154 tamen
662 2076 768 2134 bellum
785 2095 833 2155 per
849 2074 929 2133 Dru-

246 2151 309 2214 sum
332 2157 491 2236 privignum
508 2153 590 2216 suum
608 2154 835 2233 administravit,
855 2157 929 2214 sicut

245 2256 296 2316 per
316 2234 486 2307 Tiberium,
508 2239 670 2321 privignum
689 2238 806 2297 altemm
823 2281 833 2306 ,
851 2235 931 2294 Pan-

246 2319 413 2388 nonicum,
439 2338 497 2398 quo
516 2319 592 2378 bello
614 2317 733 2399 quadrin
754 2336 819 2377 enta
837 2315 931 2375 millia

248 2400 424 2478 captivorum
440 2419 474 2457 ex
492 2388 647 2460 Germanii
661 2418 723 2460 tran
766 2399 819 2469 lit,
840 2406 870 2457 &
889 2396 932 2456 su·

248 2500 298 2560 per
316 2482 406 2560 ripam
424 2476 519 2539 Rheni
532 2482 563 2540 in
582 2478 679 2540 Gallie
697 2479 858 2540 collocavit.
874 2478 932 2537 Ar-

249 2562 375 2621 meniam
394 2556 532 2621 iParthis
549 2563 675 2642 recepit3
695 2559 807 2621 obsides
824 2557 932 2639 (quod

249 2642 321 2702 nulli
341 2649 449 2718 antea)
467 2640 555 2702 Persae
570 2644 598 2701 ei
614 2641 749 2703 dederunt
768 2664 775 2698 z
794 2638 930 2700 reddide-

251 2741 315 2782 runt
340 2724 427 2783 etiam
452 2724 534 2805 signa
556 2723 713 2797 Romana,
739 2742 801 2806 quae
829 2716 931 2784 Ctaffo
1007 2764 1008 2769 η

233 2879 235 2882 ⁴
251 2801 515 2867 viuoademerant.
