2056 3628
317 199 501 270 Lrnrrt
543 199 584 269 V
587 201 618 269 I.
762 212 803 292 63

163 317 219 379 IV.
242 316 290 378 Ad
310 318 458 398 Illyricum
480 314 575 379 millus
592 316 631 378 est
651 318 709 381 Cn.
732 319 810 382 Cos-

124 404 224 461 conius
262 421 294 459 ro
308 397 436 460 Consule
452 422 458 456 :
472 401 592 460 multam
609 420 718 481 partem
729 403 806 462 Dal-
871 427 874 434 ¹

123 485 219 542 matiae
241 421 308 541 iube
330 482 374 549 it,
392 480 510 542 Salonas
525 482 599 562 cepit
620 505 627 540 ε
645 492 673 543 dc
687 505 810 563 compo-

122 565 178 623 sito
203 562 284 623 bello
310 503 437 622 hornam
460 560 523 642 post
545 564 693 624 biennium
718 565 810 626 rediit.

162 644 205 704 V.
235 642 341 704 lisdem
362 662 420 703 tem
440 643 563 716 oribus,
585 644 697 706 Consul
722 646 808 707 Mar-

123 745 172 784 cus
186 723 327 785 AEmilius
339 664 480 805 Lepidus,
499 725 598 786 Catuli
608 727 737 810 collega,
752 729 812 788 bel·

123 807 187 866 lum
202 805 301 867 Civile
318 808 409 866 voluit
421 827 624 879 commoveret
638 810 709 868 intra
723 831 811 871 unam

124 906 223 948 tamen
245 885 367 948 aestatern
387 908 482 949 motus
509 894 566 967 ejus
591 886 732 971 oppressus
760 890 809 955 est.

123 967 169 1028 Ita
202 991 262 1030 uno
296 988 423 1050 tempore
456 969 539 1029 multi
563 971 647 1031 simul
676 971 813 1052 triumphi

124 1049 242 1111 luerunt
259 1075 266 1108 t
282 1051 416 1122 Metelli,
432 1072 467 1110 ex
486 1050 626 1130 Hispania
645 1076 652 1109 τ
666 1051 814 1132 Pompeii,

125 1129 266 1192 secundus
286 1153 321 1192 ex
342 1131 506 1212 Hispanil;
526 1131 684 1203 Curionis,
697 1154 731 1192 ex
748 1135 815 1196 Ma-

125 1213 251 1274 cedoniis
259 1237 269 1284 3
282 1213 412 1284 Servilii,
427 1235 461 1272 ex
474 1212 589 1274 Isautil.

168 1296 226 1355 VI.
241 1295 329 1355 Anno
350 1294 425 1354 urbis
447 1294 568 1355 conditae
588 1315 609 1354 υ
624 1317 641 1356 c
654 1316 670 1353 1.
685 1316 706 1355 x
720 1317 775 1378 Χ]
789 1318 811 1359 r..

126 1374 163 1436 L.
195 1377 312 1436 Licinio
342 1376 482 1446 Lucullo,
506 1385 533 1437 &
560 1377 664 1436 Marco
697 1378 816 1438 Aurelio

129 1457 224 1519 Cottia
239 1455 430 1528 Consulibus,
447 1476 573 1518 mortuus
589 1456 628 1517 est
640 1458 815 1520 Nicomedes

128 1560 178 1599 rex
200 1535 360 1619 Bithyniae,
385 1548 412 1600 &
437 1559 485 1619 per
502 1537 699 1600 testamentum
720 1542 818 1623 Popu-

129 1620 193 1680 lum
204 1621 371 1681 Romanum
382 1619 449 1679 fecit
462 1619 601 1681 heredem.
613 1619 816 1694 Mithridates,

128 1723 202 1783 pace
232 1702 330 1782 rupta,
352 1699 516 1779 Bithyniam
541 1711 568 1763 ὅ(
597 1702 696 1763 Asiam
722 1701 815 1764 rursus

128 1784 224 1843 voluit
237 1784 379 1845 invadere.
397 1782 536 1844 Adversus
554 1804 620 1842 eum
633 1784 721 1842 ambo
740 1805 816 1847 con·

131 1863 424 1936 sulesmissi,variam
433 1862 818 1925 habudrefortunamCotta

129 1945 209 2027 apud
221 1942 439 2006 Chalcedonem
449 1946 539 2007 vidtur
549 1944 586 2004 ab
596 1965 631 2004 eo
642 1946 718 2017 acie,
730 1948 818 2009 etiam

129 2029 208 2087 intra
238 2028 375 2107 oppidum
409 2031 523 2088 coadlus
547 2024 605 2097 est,
627 2036 655 2089 δι
680 2026 817 2090 obsessus.

130 2108 191 2171 Sed
222 2106 288 2167 crim
314 2108 342 2168 se
371 2109 437 2169 inde
459 2106 642 2169 Mithridates
674 2108 818 2190 Cyzicum

128 2188 334 2261 transtulisset,
349 2210 381 2251 ut
391 2191 504 2272 Cyzico
516 2189 597 2271 capth
611 2210 702 2250 totam
716 2193 818 2258 Asiam

127 2270 295 2343 invaderet,
304 2272 437 2332 Lucullus
448 2275 475 2332 ei
483 2272 551 2332 alter
558 2269 671 2333 Consul
681 2275 818 2331 occurrit:

128 2376 164 2414 ac
188 2351 261 2413 dum
281 2351 462 2414 Mithridates
484 2356 514 2413 in
536 2353 686 2414 obsidione
713 2353 819 2433 Cyzici

130 2453 352 2506 commoratur,
372 2433 430 2515 ipse
455 2456 521 2495 eum
542 2432 558 2494 *a
577 2455 660 2528 tergo
684 2432 820 2504 obsedit,

130 2516 271 2599 fameque
287 2515 482 2597 consumpsit,
505 2526 533 2578 δι
550 2517 646 2576 moltis
666 2516 767 2594 praeliis
780 2517 822 2575 vi·

130 2601 172 2659 cit
186 2622 193 2655 :
210 2595 353 2678 postremi>
366 2598 528 2658 Bizantium
543 2602 629 2679 (quac
639 2616 713 2656 nunc
725 2594 824 2658 Conl‘·

131 2681 326 2761 tantinopolis
345 2678 410 2755 cst)
430 2680 540 2762 fugavit
558 2701 567 2750 3
590 2679 683 2740 navali
707 2700 821 2760 quoque

130 2762 233 2844 praelio
265 2761 348 2825 duces
370 2769 428 2843 ejus
450 2761 583 2824 Lucullus
607 2764 752 2845 oppressit.
776 2761 822 2822 lta
