2056 3628
184 253 212 323 '6
237 254 531 324 anurrorro
552 264 856 330 rrsrr'rrourass

187 386 216 438 δι
236 373 308 435 retro
326 373 455 455 sublapsa
476 376 570 436 referri
586 375 691 439 necesse
705 376 751 439 est
774 378 871 456 Quare
976 383 985 390 ’

188 455 285 538 primo
299 456 434 538 legendus
451 457 625 538 Eutropius,
648 459 721 540 post
729 481 793 520 eum
812 461 872 519 Αιι-

188 539 408 607 reliusVicior,
426 537 490 617 post
499 540 666 612 Aurelium,
687 542 794 601 Florus.
811 541 915 601 Cur'

189 621 334 702 neglectus
365 618 447 679 fuerit
475 619 628 700 Eutropius
659 622 785 683 divinare
814 644 874 682 non

191 699 323 782 polium,
344 722 379 760 ne
401 723 435 760 ue
456 704 532 761 enim
550 705 589 762 ita
610 722 787 783 contemptus
802 704 876 762 olim

157 793 159 797 '
191 783 255 844 fuit.
284 782 359 842 Eum
381 723 483 843 iraecu
504 785 587 843 vertit
609 784 759 854 Paeanius,
785 782 879 843 homo

193 863 311 959 quidem
332 886 391 923 non
412 861 478 923 satis
500 864 626 925 dostus
618 886 649 924 ιιι
667 830 784 925 Latinis
809 864 874 925 Ca-

193 948 256 1027 pito
271 966 370 1028 genere
383 946 505 1026 Lycius,
523 942 596 1004 hunc
608 947 777 1026 Scriptorem
790 947 877 1006 etiam

196 1011 295 1089 Graeci
323 1045 465 1099 verterat,
492 1024 540 1086 sed
564 1047 599 1085 ex
625 1028 675 1086 ilio
697 1048 781 1107 opere
806 1023 879 1085 nihil

195 1108 284 1170 hodie
317 1107 349 1169 su
369 1105 461 1180 erest,
493 1107 571 1203 quod
602 1106 699 1169 sciam.
735 1109 880 1191 Leguntui

195 1191 274 1272 apud
295 1129 461 1250 Suiriam
435 1191 535 1251 incerti
559 1186 698 1270 scriptoris
722 1188 882 1272 fragmenta

198 1294 234 1332 ex
254 1273 394 1353 Eutropio
415 1270 572 1342 conversa,
597 1272 685 1331 multa
707 1269 828 1351 denique
849 1290 884 1329 ex

198 1356 367 1433 Eutropio
360 1352 509 1434 inscripta
528 1351 576 1412 sua
596 1351 768 1413 transtulerat
786 1352 883 1412 Joan-

200 1457 250 1497 nes
270 1432 490 1504 Antiochenus,
514 1432 561 1493 sed
583 1456 619 1494 an
644 1456 676 1493 ex
696 1435 799 1493 Latino
818 1431 882 1492 Eu-

202 1518 290 1596 tropii
307 1515 482 1594 exemplari,
502 1535 539 1573 an
555 1533 588 1572 ex
602 1512 702 1574 Groeca
715 1513 889 1593 Capitonis

184 1599 249 1659 =vel
277 1596 412 1665 alterius,
439 1595 489 1676 qui
516 1593 590 1687 apud
614 1593 731 1654 Suidam
758 1595 889 1664 citatur

204 1679 332 1743 versione
347 1673 444 1737 hausta
457 1675 544 1736 illa
524 1694 599 1747 sint,
616 1671 691 1734 haud
705 1672 821 1758 quidem
837 1670 888 1734 af

205 1758 312 1821 firmari
332 1754 409 1839 poffe
425 1756 554 1819 arbitror.
571 1755 655 1816 Vale
702 1824 709 1835 x
