<?xml version="1.0" encoding="UTF-8"?>
<!DOCTYPE html PUBLIC "-//W3C//DTD XHTML 1.0 Transitional//EN"
    "http://www.w3.org/TR/xhtml1/DTD/xhtml1-transitional.dtd">
<html xmlns="http://www.w3.org/1999/xhtml" xml:lang="en" lang="en">
 <head>
  <title>
</title>
<meta http-equiv="Content-Type" content="text/html;charset=utf-8" />
  <meta name='ocr-system' content='tesseract 3.04.00' />
  <meta name='ocr-capabilities' content='ocr_page ocr_carea ocr_par ocr_line ocrx_word'/>
</head>
<body>
  <div class='ocr_page' id='page_1' title='image "./eutropiisextaur01victgoog_0328.png"; bbox 0 0 1972 3624; ppageno 0'>
   <div class='ocr_carea' id='block_1_1' title="bbox 271 285 782 381">
    <p class='ocr_par' dir='ltr' id='par_1_1' title="bbox 271 285 782 381">
     <span class='ocr_line' id='line_1_1' title="bbox 271 285 782 381; baseline 0 -21"><span class='ocrx_word' id='word_1_1' title='bbox 271 285 641 381; x_wconf 56' lang='lat' dir='ltr'>amorra„</span> <span class='ocrx_word' id='word_1_2' title='bbox 716 316 782 380; x_wconf 84' lang='lat'>307</span> 
     </span>
    </p>
   </div>
   <div class='ocr_carea' id='block_1_2' title="bbox 26 409 867 2933">
    <p class='ocr_par' dir='ltr' id='par_1_2' title="bbox 94 409 784 555">
     <span class='ocr_line' id='line_1_2' title="bbox 94 409 784 494; baseline -0.004 -20"><span class='ocrx_word' id='word_1_3' title='bbox 94 415 147 474; x_wconf 85' lang='lat' dir='ltr'>vit.</span> <span class='ocrx_word' id='word_1_4' title='bbox 161 411 256 494; x_wconf 85' lang='lat' dir='ltr'>Hujus</span> <span class='ocrx_word' id='word_1_5' title='bbox 266 432 393 494; x_wconf 86' lang='lat' dir='ltr'>tempore</span> <span class='ocrx_word' id='word_1_6' title='bbox 412 410 556 473; x_wconf 86' lang='lat' dir='ltr'>saeculares</span> <span class='ocrx_word' id='word_1_7' title='bbox 573 410 634 472; x_wconf 88' lang='lat' dir='ltr'>ludi</span> <span class='ocrx_word' id='word_1_8' title='bbox 652 409 784 472; x_wconf 83' lang='lat' dir='ltr'>celebrati</span> 
     </span>
     <span class='ocr_line' id='line_1_3' title="bbox 97 492 171 555; baseline 0 -1"><span class='ocrx_word' id='word_1_9' title='bbox 97 492 171 555; x_wconf 91' lang='lat' dir='ltr'>sunt.</span> 
     </span>
    </p>

    <p class='ocr_par' dir='ltr' id='par_1_3' title="bbox 89 572 786 1063">
     <span class='ocr_line' id='line_1_4' title="bbox 138 572 786 655; baseline -0.002 -20"><span class='ocrx_word' id='word_1_10' title='bbox 138 575 286 637; x_wconf 73' lang='lat' dir='ltr'>Hastenus</span> <span class='ocrx_word' id='word_1_11' title='bbox 308 575 431 647; x_wconf 81' lang='lat' dir='ltr'>Romae,</span> <span class='ocrx_word' id='word_1_12' title='bbox 453 573 500 635; x_wconf 90' lang='lat' dir='ltr'>seu</span> <span class='ocrx_word' id='word_1_13' title='bbox 526 595 574 655; x_wconf 92' lang='lat' dir='ltr'>per</span> <span class='ocrx_word' id='word_1_14' title='bbox 596 572 709 633; x_wconf 86' lang='lat' dir='ltr'>Italiam</span> <span class='ocrx_word' id='word_1_15' title='bbox 730 576 786 634; x_wconf 90' lang='lat' dir='ltr'>orti</span> 
     </span>
     <span class='ocr_line' id='line_1_5' title="bbox 97 653 785 737; baseline -0.003 -22"><span class='ocrx_word' id='word_1_16' title='bbox 97 654 254 737; x_wconf 86' lang='lat' dir='ltr'>Imperium</span> <span class='ocrx_word' id='word_1_17' title='bbox 284 657 408 726; x_wconf 66' lang='lat' dir='ltr'>rexdre3</span> <span class='ocrx_word' id='word_1_18' title='bbox 440 653 506 716; x_wconf 91' lang='lat' dir='ltr'>hinc</span> <span class='ocrx_word' id='word_1_19' title='bbox 537 656 660 715; x_wconf 85' lang='lat' dir='ltr'>advenae.</span> <span class='ocrx_word' id='word_1_20' title='bbox 696 653 785 717; x_wconf 82' lang='lat' dir='ltr'><strong>Unde</strong></span> 
     </span>
     <span class='ocr_line' id='line_1_6' title="bbox 97 735 785 818; baseline -0.003 -24"><span class='ocrx_word' id='word_1_21' title='bbox 97 757 278 818; x_wconf 88' lang='lat' dir='ltr'>compertum</span> <span class='ocrx_word' id='word_1_22' title='bbox 301 735 357 808; x_wconf 89' lang='lat' dir='ltr'>est,</span> <span class='ocrx_word' id='word_1_23' title='bbox 376 739 476 796; x_wconf 87' lang='lat' dir='ltr'>urbem</span> <span class='ocrx_word' id='word_1_24' title='bbox 500 737 626 797; x_wconf 81' lang='lat' dir='ltr'>Romam</span> <span class='ocrx_word' id='word_1_25' title='bbox 653 756 785 796; x_wconf 87' lang='lat' dir='ltr'>externo-</span> 
     </span>
     <span class='ocr_line' id='line_1_7' title="bbox 89 815 783 897; baseline -0.001 -20"><span class='ocrx_word' id='word_1_26' title='bbox 89 837 160 878; x_wconf 78' lang='lat' dir='ltr'>rum</span> <span class='ocrx_word' id='word_1_27' title='bbox 173 822 275 879; x_wconf 91' lang='lat' dir='ltr'>virtute</span> <span class='ocrx_word' id='word_1_28' title='bbox 290 815 410 878; x_wconf 76' lang='lat' dir='ltr'>creviffe,</span> <span class='ocrx_word' id='word_1_29' title='bbox 423 818 503 895; x_wconf 89' lang='lat' dir='ltr'>Quid</span> <span class='ocrx_word' id='word_1_30' title='bbox 517 820 593 877; x_wconf 91' lang='lat' dir='ltr'>enim</span> <span class='ocrx_word' id='word_1_31' title='bbox 608 816 703 877; x_wconf 70' lang='lat' dir='ltr'>Nervd</span> <span class='ocrx_word' id='word_1_32' title='bbox 714 837 783 897; x_wconf 89' lang='lat' dir='ltr'>ptu-</span> 
     </span>
     <span class='ocr_line' id='line_1_8' title="bbox 97 897 786 976; baseline 0 -18"><span class='ocrx_word' id='word_1_33' title='bbox 97 898 211 959; x_wconf 86' lang='lat' dir='ltr'>dentius</span> <span class='ocrx_word' id='word_1_34' title='bbox 242 918 289 959; x_wconf 87' lang='lat' dir='ltr'>aut</span> <span class='ocrx_word' id='word_1_35' title='bbox 314 899 518 959; x_wconf 75' lang='lat' dir='ltr'>moderatius?</span> <span class='ocrx_word' id='word_1_36' title='bbox 549 898 629 976; x_wconf 89' lang='lat' dir='ltr'>Quid</span> <span class='ocrx_word' id='word_1_37' title='bbox 657 897 786 976; x_wconf 70' lang='lat' dir='ltr'>Traiano</span> 
     </span>
     <span class='ocr_line' id='line_1_9' title="bbox 99 978 722 1063; baseline -0.002 -23"><span class='ocrx_word' id='word_1_38' title='bbox 99 979 246 1042; x_wconf 73' lang='lat' dir='ltr'>divinius?</span> <span class='ocrx_word' id='word_1_39' title='bbox 272 980 342 1063; x_wconf 88' lang='lat' dir='ltr'>quid</span> <span class='ocrx_word' id='word_1_40' title='bbox 362 978 722 1061; x_wconf 74' lang='lat' dir='ltr'>praestantiusHadria&#39;no?</span> 
     </span>
    </p>

    <p class='ocr_par' dir='ltr' id='par_1_4' title="bbox 26 1059 867 2933">
     <span class='ocr_line' id='line_1_10' title="bbox 138 1059 785 1141; baseline -0.005 -19"><span class='ocrx_word' id='word_1_41' title='bbox 138 1062 221 1122; x_wconf 90' lang='lat' dir='ltr'>XII.</span> <span class='ocrx_word' id='word_1_42' title='bbox 243 1061 383 1123; x_wconf 86' lang='lat' dir='ltr'>Cocceius</span> <span class='ocrx_word' id='word_1_43' title='bbox 401 1062 496 1121; x_wconf 81' lang='lat' dir='ltr'>Nerva</span> <span class='ocrx_word' id='word_1_44' title='bbox 513 1060 619 1141; x_wconf 90' lang='lat' dir='ltr'>oppido</span> <span class='ocrx_word' id='word_1_45' title='bbox 632 1059 785 1121; x_wconf 82' lang='lat' dir='ltr'>Narniensi</span> 
     </span>
     <span class='ocr_line' id='line_1_11' title="bbox 99 1140 787 1224; baseline 0.001 -25"><span class='ocrx_word' id='word_1_46' title='bbox 99 1145 212 1223; x_wconf 76' lang='lat' dir='ltr'>genitus</span> <span class='ocrx_word' id='word_1_47' title='bbox 224 1188 233 1215; x_wconf 87' lang='lat'>,</span> <span class='ocrx_word' id='word_1_48' title='bbox 257 1145 408 1224; x_wconf 85' lang='lat' dir='ltr'>imperavit</span> <span class='ocrx_word' id='word_1_49' title='bbox 430 1140 538 1201; x_wconf 88' lang='lat' dir='ltr'>menses</span> <span class='ocrx_word' id='word_1_50' title='bbox 559 1140 701 1212; x_wconf 87' lang='lat' dir='ltr'>sedecim,</span> <span class='ocrx_word' id='word_1_51' title='bbox 725 1140 787 1201; x_wconf 86' lang='lat' dir='ltr'>dies</span> 
     </span>
     <span class='ocr_line' id='line_1_12' title="bbox 92 1218 785 1303; baseline -0.003 -21"><span class='ocrx_word' id='word_1_52' title='bbox 92 1222 209 1284; x_wconf 80' lang='lat' dir='ltr'>decem,</span> <span class='ocrx_word' id='word_1_53' title='bbox 242 1222 295 1282; x_wconf 91' lang='lat' dir='ltr'>Iste</span> <span class='ocrx_word' id='word_1_54' title='bbox 324 1222 389 1283; x_wconf 79' lang='lat' dir='ltr'>crim</span> <span class='ocrx_word' id='word_1_55' title='bbox 420 1225 569 1303; x_wconf 82' lang='lat' dir='ltr'>imperium</span> <span class='ocrx_word' id='word_1_56' title='bbox 600 1218 785 1303; x_wconf 76' lang='lat' dir='ltr'>suscepisset,</span> 
     </span>
     <span class='ocr_line' id='line_1_13' title="bbox 99 1301 792 1384; baseline 0.003 -22"><span class='ocrx_word' id='word_1_57' title='bbox 99 1325 168 1364; x_wconf 89' lang='lat' dir='ltr'>mox</span> <span class='ocrx_word' id='word_1_58' title='bbox 193 1326 306 1365; x_wconf 87' lang='lat' dir='ltr'>rumore</span> <span class='ocrx_word' id='word_1_59' title='bbox 328 1325 420 1375; x_wconf 89' lang='lat' dir='ltr'>orto,</span> <span class='ocrx_word' id='word_1_60' title='bbox 448 1307 541 1364; x_wconf 88' lang='lat' dir='ltr'>vivete</span> <span class='ocrx_word' id='word_1_61' title='bbox 574 1323 658 1384; x_wconf 87' lang='lat' dir='ltr'>atque</span> <span class='ocrx_word' id='word_1_62' title='bbox 687 1301 792 1364; x_wconf 84' lang='lat' dir='ltr'>adfore.</span> 
     </span>
     <span class='ocr_line' id='line_1_14' title="bbox 100 1380 785 1465; baseline -0.001 -21"><span class='ocrx_word' id='word_1_63' title='bbox 100 1384 326 1458; x_wconf 69' lang='lat' dir='ltr'>Domitianum,</span> <span class='ocrx_word' id='word_1_64' title='bbox 349 1385 463 1465; x_wconf 68' lang='lat' dir='ltr'>perinde</span> <span class='ocrx_word' id='word_1_65' title='bbox 485 1380 655 1464; x_wconf 77' lang='lat' dir='ltr'>trepidavit,</span> <span class='ocrx_word' id='word_1_66' title='bbox 675 1403 706 1445; x_wconf 90' lang='lat' dir='ltr'>ut</span> <span class='ocrx_word' id='word_1_67' title='bbox 730 1406 785 1443; x_wconf 88' lang='lat' dir='ltr'>co·</span> 
     </span>
     <span class='ocr_line' id='line_1_15' title="bbox 101 1463 785 1540; baseline -0.001 -14"><span class='ocrx_word' id='word_1_68' title='bbox 101 1465 161 1527; x_wconf 89' lang='lat' dir='ltr'>lore</span> <span class='ocrx_word' id='word_1_69' title='bbox 186 1487 321 1540; x_wconf 83' lang='lat' dir='ltr'>mutato,</span> <span class='ocrx_word' id='word_1_70' title='bbox 343 1468 435 1526; x_wconf 86' lang='lat' dir='ltr'>verbis</span> <span class='ocrx_word' id='word_1_71' title='bbox 457 1468 588 1536; x_wconf 82' lang='lat' dir='ltr'>amissis,</span> <span class='ocrx_word' id='word_1_72' title='bbox 606 1468 654 1525; x_wconf 86' lang='lat' dir='ltr'>vix</span> <span class='ocrx_word' id='word_1_73' title='bbox 674 1463 785 1526; x_wconf 86' lang='lat' dir='ltr'>consis-</span> 
     </span>
     <span class='ocr_line' id='line_1_16' title="bbox 102 1545 786 1619; baseline 0.004 -14"><span class='ocrx_word' id='word_1_74' title='bbox 102 1564 178 1610; x_wconf 83' lang='lat' dir='ltr'>teret.</span> <span class='ocrx_word' id='word_1_75' title='bbox 202 1549 258 1609; x_wconf 86' lang='lat' dir='ltr'>Sed</span> <span class='ocrx_word' id='word_1_76' title='bbox 286 1547 303 1608; x_wconf 71' lang='lat' dir='ltr'>d</span> <span class='ocrx_word' id='word_1_77' title='bbox 329 1546 480 1608; x_wconf 88' lang='lat' dir='ltr'>Parthenio</span> <span class='ocrx_word' id='word_1_78' title='bbox 507 1545 711 1619; x_wconf 77' lang='lat' dir='ltr'>confirmatus,</span> <span class='ocrx_word' id='word_1_79' title='bbox 740 1568 786 1608; x_wconf 88' lang='lat' dir='ltr'>re·</span> 
     </span>
     <span class='ocr_line' id='line_1_17' title="bbox 101 1628 787 1710; baseline 0.007 -24"><span class='ocrx_word' id='word_1_80' title='bbox 101 1630 183 1710; x_wconf 71' lang='lat' dir='ltr'>teptd</span> <span class='ocrx_word' id='word_1_81' title='bbox 211 1628 336 1703; x_wconf 70' lang='lat' dir='ltr'>fiducid,</span> <span class='ocrx_word' id='word_1_82' title='bbox 361 1629 397 1690; x_wconf 89' lang='lat' dir='ltr'>ad</span> <span class='ocrx_word' id='word_1_83' title='bbox 427 1628 540 1690; x_wconf 87' lang='lat' dir='ltr'>solenne</span> <span class='ocrx_word' id='word_1_84' title='bbox 565 1628 787 1691; x_wconf 86' lang='lat' dir='ltr'>delenimentum</span> 
     </span>
     <span class='ocr_line' id='line_1_18' title="bbox 100 1708 789 1789; baseline 0.004 -21"><span class='ocrx_word' id='word_1_85' title='bbox 100 1710 253 1773; x_wconf 82' lang='lat' dir='ltr'>&#39;conversus</span> <span class='ocrx_word' id='word_1_86' title='bbox 275 1709 322 1771; x_wconf 86' lang='lat' dir='ltr'>est.</span> <span class='ocrx_word' id='word_1_87' title='bbox 344 1711 404 1789; x_wconf 87' lang='lat' dir='ltr'>Qui</span> <span class='ocrx_word' id='word_1_88' title='bbox 425 1709 489 1771; x_wconf 83' lang='lat' dir='ltr'>edm</span> <span class='ocrx_word' id='word_1_89' title='bbox 510 1713 538 1771; x_wconf 92' lang='lat' dir='ltr'>in</span> <span class='ocrx_word' id='word_1_90' title='bbox 562 1713 668 1769; x_wconf 79' lang='lat' dir='ltr'>curiam</span> <span class='ocrx_word' id='word_1_91' title='bbox 694 1708 711 1769; x_wconf 74' lang='grc' dir='ltr'>ὲ</span> <span class='ocrx_word' id='word_1_92' title='bbox 735 1710 789 1771; x_wconf 84' lang='lat' dir='ltr'>Se-</span> 
     </span>
     <span class='ocr_line' id='line_1_19' title="bbox 102 1788 787 1878; baseline -0.001 -28"><span class='ocrx_word' id='word_1_93' title='bbox 102 1812 170 1853; x_wconf 90' lang='lat' dir='ltr'>natu</span> <span class='ocrx_word' id='word_1_94' title='bbox 182 1812 325 1878; x_wconf 81' lang='lat' dir='ltr'>gratanter</span> <span class='ocrx_word' id='word_1_95' title='bbox 336 1812 464 1873; x_wconf 82' lang='lat' dir='ltr'>exceptus</span> <span class='ocrx_word' id='word_1_96' title='bbox 480 1789 545 1851; x_wconf 81' lang='lat' dir='ltr'>esset</span> <span class='ocrx_word' id='word_1_97' title='bbox 554 1837 563 1864; x_wconf 87' lang='lat'>,</span> <span class='ocrx_word' id='word_1_98' title='bbox 579 1791 653 1851; x_wconf 89' lang='lat' dir='ltr'>solus</span> <span class='ocrx_word' id='word_1_99' title='bbox 670 1812 702 1850; x_wconf 86' lang='lat' dir='ltr'>ex</span> <span class='ocrx_word' id='word_1_100' title='bbox 720 1788 787 1850; x_wconf 86' lang='lat' dir='ltr'>om·</span> 
     </span>
     <span class='ocr_line' id='line_1_20' title="bbox 95 1874 787 1953; baseline 0.003 -22"><span class='ocrx_word' id='word_1_101' title='bbox 95 1875 186 1936; x_wconf 77' lang='lat' dir='ltr'>&#39;nibus</span> <span class='ocrx_word' id='word_1_102' title='bbox 213 1875 309 1935; x_wconf 84' lang='lat' dir='ltr'>Arrius</span> <span class='ocrx_word' id='word_1_103' title='bbox 335 1875 497 1933; x_wconf 88' lang='lat' dir='ltr'>Antoninus</span> <span class='ocrx_word' id='word_1_104' title='bbox 521 1875 563 1932; x_wconf 90' lang='lat' dir='ltr'>vit</span> <span class='ocrx_word' id='word_1_105' title='bbox 592 1892 677 1943; x_wconf 87' lang='lat' dir='ltr'>acer,</span> <span class='ocrx_word' id='word_1_106' title='bbox 705 1874 787 1953; x_wconf 91' lang='lat' dir='ltr'>eique</span> 
     </span>
     <span class='ocr_line' id='line_1_21' title="bbox 26 1954 787 2032; baseline 0.003 -19"><span class='ocrx_word' id='word_1_107' title='bbox 26 1999 30 2007; x_wconf 88' lang='lat'>.</span> <span class='ocrx_word' id='word_1_108' title='bbox 103 1956 322 2027; x_wconf 87' lang='lat' dir='ltr'>amicissimus,</span> <span class='ocrx_word' id='word_1_109' title='bbox 357 1954 549 2015; x_wconf 88' lang='lat' dir='ltr'>conditionem</span> <span class='ocrx_word' id='word_1_110' title='bbox 586 1954 787 2032; x_wconf 87' lang='lat' dir='ltr'>imperantium</span> 
     </span>
     <span class='ocr_line' id='line_1_22' title="bbox 103 2035 787 2117; baseline 0 -23"><span class='ocrx_word' id='word_1_111' title='bbox 103 2036 255 2114; x_wconf 87' lang='lat' dir='ltr'>prudenter</span> <span class='ocrx_word' id='word_1_112' title='bbox 284 2038 472 2117; x_wconf 85' lang='lat' dir='ltr'>exprimens,</span> <span class='ocrx_word' id='word_1_113' title='bbox 509 2035 652 2115; x_wconf 83' lang='lat' dir='ltr'>amplexus</span> <span class='ocrx_word' id='word_1_114' title='bbox 685 2054 751 2095; x_wconf 84' lang='lat' dir='ltr'>eum</span> <span class='ocrx_word' id='word_1_115' title='bbox 774 2081 787 2108; x_wconf 87' lang='lat'>,</span> 
     </span>
     <span class='ocr_line' id='line_1_23' title="bbox 104 2115 789 2198; baseline -0.004 -20"><span class='ocrx_word' id='word_1_116' title='bbox 104 2116 251 2179; x_wconf 86' lang='lat' dir='ltr'>Gratulati</span> <span class='ocrx_word' id='word_1_117' title='bbox 267 2116 295 2178; x_wconf 91' lang='lat' dir='ltr'>se</span> <span class='ocrx_word' id='word_1_118' title='bbox 315 2120 355 2177; x_wconf 84' lang='lat' dir='ltr'>ait</span> <span class='ocrx_word' id='word_1_119' title='bbox 373 2118 528 2177; x_wconf 87' lang='lat' dir='ltr'>Senatui&amp;</span> <span class='ocrx_word' id='word_1_120' title='bbox 549 2115 654 2198; x_wconf 89' lang='lat' dir='ltr'>populo</span> <span class='ocrx_word' id='word_1_121' title='bbox 672 2117 789 2196; x_wconf 87' lang='lat' dir='ltr'>provin-</span> 
     </span>
     <span class='ocr_line' id='line_1_24' title="bbox 105 2194 788 2283; baseline 0.007 -28"><span class='ocrx_word' id='word_1_122' title='bbox 105 2200 229 2283; x_wconf 85' lang='lat' dir='ltr'>ciisque,</span> <span class='ocrx_word' id='word_1_123' title='bbox 247 2200 301 2280; x_wconf 88' lang='lat' dir='ltr'>ipsi</span> <span class='ocrx_word' id='word_1_124' title='bbox 315 2217 409 2258; x_wconf 86' lang='lat' dir='ltr'>autem</span> <span class='ocrx_word' id='word_1_125' title='bbox 422 2218 622 2280; x_wconf 85' lang='lat' dir='ltr'>nequaquam,</span> <span class='ocrx_word' id='word_1_126' title='bbox 639 2199 685 2256; x_wconf 90' lang='lat' dir='ltr'>cui</span> <span class='ocrx_word' id='word_1_127' title='bbox 703 2194 788 2259; x_wconf 88' lang='lat' dir='ltr'>satius</span> 
     </span>
     <span class='ocr_line' id='line_1_25' title="bbox 104 2276 787 2362; baseline -0.003 -23"><span class='ocrx_word' id='word_1_128' title='bbox 104 2276 199 2342; x_wconf 86' lang='lat' dir='ltr'>fuerat</span> <span class='ocrx_word' id='word_1_129' title='bbox 225 2281 316 2341; x_wconf 87' lang='lat' dir='ltr'>malos</span> <span class='ocrx_word' id='word_1_130' title='bbox 342 2278 450 2362; x_wconf 85' lang='lat' dir='ltr'>semper</span> <span class='ocrx_word' id='word_1_131' title='bbox 478 2281 616 2360; x_wconf 87' lang='lat' dir='ltr'>principes</span> <span class='ocrx_word' id='word_1_132' title='bbox 644 2277 787 2349; x_wconf 80' lang='lat' dir='ltr'>eludere,</span> 
     </span>
     <span class='ocr_line' id='line_1_26' title="bbox 105 2356 788 2442; baseline -0.001 -22"><span class='ocrx_word' id='word_1_133' title='bbox 105 2361 193 2442; x_wconf 66' lang='lat' dir='ltr'>quim</span> <span class='ocrx_word' id='word_1_134' title='bbox 214 2363 285 2421; x_wconf 82' lang='lat' dir='ltr'>tanti</span> <span class='ocrx_word' id='word_1_135' title='bbox 301 2364 393 2423; x_wconf 83' lang='lat' dir='ltr'>oneris</span> <span class='ocrx_word' id='word_1_136' title='bbox 414 2363 473 2423; x_wconf 86' lang='lat' dir='ltr'>vim</span> <span class='ocrx_word' id='word_1_137' title='bbox 493 2359 692 2429; x_wconf 86' lang='lat' dir='ltr'>sustinentem,</span> <span class='ocrx_word' id='word_1_138' title='bbox 711 2356 788 2419; x_wconf 85' lang='lat' dir='ltr'>haud</span> 
     </span>
     <span class='ocr_line' id='line_1_27' title="bbox 105 2437 788 2522; baseline 0 -22"><span class='ocrx_word' id='word_1_139' title='bbox 105 2441 241 2503; x_wconf 86' lang='lat' dir='ltr'>molestiis</span> <span class='ocrx_word' id='word_1_140' title='bbox 269 2440 359 2503; x_wconf 81' lang='lat' dir='ltr'>modd</span> <span class='ocrx_word' id='word_1_141' title='bbox 386 2451 414 2503; x_wconf 75' lang='grc' dir='ltr'>δι</span> <span class='ocrx_word' id='word_1_142' title='bbox 439 2442 565 2522; x_wconf 88' lang='lat' dir='ltr'>periculis</span> <span class='ocrx_word' id='word_1_143' title='bbox 590 2439 716 2521; x_wconf 74' lang='lat' dir='ltr'>suinci,</span> <span class='ocrx_word' id='word_1_144' title='bbox 739 2437 788 2500; x_wconf 87' lang='lat' dir='ltr'>sed</span> 
     </span>
     <span class='ocr_line' id='line_1_28' title="bbox 105 2521 789 2602; baseline -0.003 -19"><span class='ocrx_word' id='word_1_145' title='bbox 105 2521 191 2586; x_wconf 83' lang='lat' dir='ltr'>famae</span> <span class='ocrx_word' id='word_1_146' title='bbox 216 2525 302 2584; x_wconf 86' lang='lat' dir='ltr'>etiam</span> <span class='ocrx_word' id='word_1_147' title='bbox 327 2525 509 2584; x_wconf 84' lang='lat' dir='ltr'>inimicorum</span> <span class='ocrx_word' id='word_1_148' title='bbox 533 2524 686 2602; x_wconf 86' lang='lat' dir='ltr'>pariter&amp;</span> <span class='ocrx_word' id='word_1_149' title='bbox 714 2522 789 2582; x_wconf 89' lang='lat' dir='ltr'>ami-</span> 
     </span>
     <span class='ocr_line' id='line_1_29' title="bbox 106 2600 867 2688; baseline 0.004 -27"><span class='ocrx_word' id='word_1_150' title='bbox 106 2623 227 2677; x_wconf 86' lang='lat' dir='ltr'>torum3</span> <span class='ocrx_word' id='word_1_151' title='bbox 250 2607 300 2688; x_wconf 90' lang='lat' dir='ltr'>qui</span> <span class='ocrx_word' id='word_1_152' title='bbox 321 2603 385 2665; x_wconf 80' lang='lat' dir='ltr'>crim</span> <span class='ocrx_word' id='word_1_153' title='bbox 407 2602 435 2664; x_wconf 90' lang='lat' dir='ltr'>se</span> <span class='ocrx_word' id='word_1_154' title='bbox 454 2605 554 2664; x_wconf 91' lang='lat' dir='ltr'>mereri</span> <span class='ocrx_word' id='word_1_155' title='bbox 573 2604 672 2667; x_wconf 84' lang='lat' dir='ltr'>omnia</span> <span class='ocrx_word' id='word_1_156' title='bbox 688 2600 789 2684; x_wconf 83' lang='lat' dir='ltr'>praesu·</span> <span class='ocrx_word' id='word_1_157' title='bbox 861 2615 867 2621; x_wconf 90' lang='lat'>&#39;</span> 
     </span>
     <span class='ocr_line' id='line_1_30' title="bbox 107 2682 788 2769; baseline 0.001 -25"><span class='ocrx_word' id='word_1_158' title='bbox 107 2697 209 2758; x_wconf 83' lang='lat' dir='ltr'>munt,</span> <span class='ocrx_word' id='word_1_159' title='bbox 228 2688 252 2747; x_wconf 85' lang='lat' dir='ltr'>si</span> <span class='ocrx_word' id='word_1_160' title='bbox 269 2687 424 2769; x_wconf 89' lang='lat' dir='ltr'>quidquam</span> <span class='ocrx_word' id='word_1_161' title='bbox 439 2708 498 2746; x_wconf 91' lang='lat' dir='ltr'>non</span> <span class='ocrx_word' id='word_1_162' title='bbox 516 2682 697 2758; x_wconf 88' lang='lat' dir='ltr'>extorserint,</span> <span class='ocrx_word' id='word_1_163' title='bbox 711 2704 788 2746; x_wconf 82' lang='lat' dir='ltr'>atro·</span> 
     </span>
     <span class='ocr_line' id='line_1_31' title="bbox 108 2763 788 2850; baseline 0 -26"><span class='ocrx_word' id='word_1_164' title='bbox 108 2767 196 2827; x_wconf 90' lang='lat' dir='ltr'>ciores</span> <span class='ocrx_word' id='word_1_165' title='bbox 227 2765 290 2828; x_wconf 88' lang='lat' dir='ltr'>sunt</span> <span class='ocrx_word' id='word_1_166' title='bbox 320 2769 386 2828; x_wconf 86' lang='lat' dir='ltr'>isis</span> <span class='ocrx_word' id='word_1_167' title='bbox 419 2787 533 2850; x_wconf 89' lang='lat' dir='ltr'>quoque</span> <span class='ocrx_word' id='word_1_168' title='bbox 566 2763 701 2827; x_wconf 88' lang='lat' dir='ltr'>hostibus.</span> <span class='ocrx_word' id='word_1_169' title='bbox 734 2764 788 2826; x_wconf 87' lang='lat' dir='ltr'>Iste</span> 
     </span>
     <span class='ocr_line' id='line_1_32' title="bbox 108 2788 789 2933; baseline -0.003 -25"><span class='ocrx_word' id='word_1_170' title='bbox 108 2848 246 2933; x_wconf 87' lang='lat' dir='ltr'>quidquid</span> <span class='ocrx_word' id='word_1_171' title='bbox 267 2788 350 2912; x_wconf 71' lang='lat' dir='ltr'>antei</span> <span class='ocrx_word' id='word_1_172' title='bbox 368 2870 456 2931; x_wconf 79' lang='lat' dir='ltr'>poenae</span> <span class='ocrx_word' id='word_1_173' title='bbox 476 2850 593 2910; x_wconf 87' lang='lat' dir='ltr'>nornine</span> <span class='ocrx_word' id='word_1_174' title='bbox 615 2847 725 2911; x_wconf 87' lang='lat' dir='ltr'>tributis</span> <span class='ocrx_word' id='word_1_175' title='bbox 740 2867 789 2908; x_wconf 83' lang='lat' dir='ltr'>ac·</span> 
     </span>
    </p>
   </div>
   <div class='ocr_carea' id='block_1_3' title="bbox 0 0 1006 3624">
    <p class='ocr_par' dir='ltr' id='par_1_5' title="bbox 0 0 1006 3624">
     <span class='ocr_line' id='line_1_33' title="bbox 0 0 1006 3624; baseline 0 0"><span class='ocrx_word' id='word_1_176' title='bbox 0 0 1006 3624; x_wconf 95' lang='lat' dir='ltr'> </span> 
     </span>
    </p>
   </div>
  </div>
 </body>
</html>
