<?xml version="1.0" encoding="UTF-8"?>
<!DOCTYPE html PUBLIC "-//W3C//DTD XHTML 1.0 Transitional//EN"
    "http://www.w3.org/TR/xhtml1/DTD/xhtml1-transitional.dtd">
<html xmlns="http://www.w3.org/1999/xhtml" xml:lang="en" lang="en">
 <head>
  <title>
</title>
<meta http-equiv="Content-Type" content="text/html;charset=utf-8" />
  <meta name='ocr-system' content='tesseract 3.04.00' />
  <meta name='ocr-capabilities' content='ocr_page ocr_carea ocr_par ocr_line ocrx_word'/>
</head>
<body>
  <div class='ocr_page' id='page_1' title='image "./eutropiisextaur01victgoog_0074.png"; bbox 0 0 2056 3628; ppageno 0'>
   <div class='ocr_carea' id='block_1_1' title="bbox 328 135 812 242">
    <p class='ocr_par' dir='ltr' id='par_1_1' title="bbox 328 135 812 242">
     <span class='ocr_line' id='line_1_1' title="bbox 328 135 812 242; baseline 0.004 -4"><span class='ocrx_word' id='word_1_1' title='bbox 328 135 634 242; x_wconf 57' lang='grc'><strong><em>[1313371.</em></strong></span> <span class='ocrx_word' id='word_1_2' title='bbox 773 178 812 240; x_wconf 85' lang='lat'>61</span> 
     </span>
    </p>
   </div>
   <div class='ocr_carea' id='block_1_2' title="bbox 128 289 820 1407">
    <p class='ocr_par' dir='ltr' id='par_1_2' title="bbox 128 289 820 537">
     <span class='ocr_line' id='line_1_2' title="bbox 128 289 817 373; baseline -0.004 -20"><span class='ocrx_word' id='word_1_3' title='bbox 128 301 157 353; x_wconf 84' lang='lat'>&amp;</span> <span class='ocrx_word' id='word_1_4' title='bbox 177 289 323 351; x_wconf 83' lang='lat' dir='ltr'>Hiarbam</span> <span class='ocrx_word' id='word_1_5' title='bbox 346 311 440 373; x_wconf 75' lang='lat' dir='ltr'>regem</span> <span class='ocrx_word' id='word_1_6' title='bbox 465 290 667 361; x_wconf 77' lang='lat' dir='ltr'>Mauritaniae,</span> <span class='ocrx_word' id='word_1_7' title='bbox 689 292 739 371; x_wconf 92' lang='lat' dir='ltr'>qui</span> <span class='ocrx_word' id='word_1_8' title='bbox 758 290 817 350; x_wconf 92' lang='lat' dir='ltr'>Do-</span> 
     </span>
     <span class='ocr_line' id='line_1_3' title="bbox 128 369 819 442; baseline -0.001 -10"><span class='ocrx_word' id='word_1_9' title='bbox 128 375 217 432; x_wconf 87' lang='lat' dir='ltr'>mitio</span> <span class='ocrx_word' id='word_1_10' title='bbox 234 374 372 432; x_wconf 83' lang='lat' dir='ltr'>auxilium</span> <span class='ocrx_word' id='word_1_11' title='bbox 392 370 517 442; x_wconf 85' lang='lat' dir='ltr'>serebat,</span> <span class='ocrx_word' id='word_1_12' title='bbox 540 373 653 432; x_wconf 86' lang='lat' dir='ltr'>occidit.</span> <span class='ocrx_word' id='word_1_13' title='bbox 675 370 741 431; x_wconf 89' lang='lat' dir='ltr'>Post</span> <span class='ocrx_word' id='word_1_14' title='bbox 760 369 819 431; x_wconf 77' lang='lat' dir='ltr'>hae</span> 
     </span>
     <span class='ocr_line' id='line_1_4' title="bbox 128 450 820 537; baseline -0.003 -24"><span class='ocrx_word' id='word_1_15' title='bbox 128 455 211 533; x_wconf 86' lang='lat' dir='ltr'>Sylla</span> <span class='ocrx_word' id='word_1_16' title='bbox 234 454 270 513; x_wconf 87' lang='lat' dir='ltr'>de</span> <span class='ocrx_word' id='word_1_17' title='bbox 290 450 457 512; x_wconf 76' lang='lat' dir='ltr'>Mithridate</span> <span class='ocrx_word' id='word_1_18' title='bbox 479 455 587 535; x_wconf 85' lang='lat' dir='ltr'><strong>ingenti</strong></span> <span class='ocrx_word' id='word_1_19' title='bbox 611 455 701 537; x_wconf 63' lang='lat' dir='ltr'>glorias</span> <span class='ocrx_word' id='word_1_20' title='bbox 719 453 820 512; x_wconf 88' lang='lat' dir='ltr'>trium-</span> 
     </span>
    </p>

    <p class='ocr_par' dir='ltr' id='par_1_3' title="bbox 130 533 820 1407">
     <span class='ocr_line' id='line_1_5' title="bbox 153 533 819 616; baseline 0.003 -24"><span class='ocrx_word' id='word_1_21' title='bbox 153 535 244 594; x_wconf 87' lang='lat' dir='ltr'>havit.</span> <span class='ocrx_word' id='word_1_22' title='bbox 264 534 321 594; x_wconf 92' lang='lat' dir='ltr'>Cn.</span> <span class='ocrx_word' id='word_1_23' title='bbox 342 536 429 592; x_wconf 88' lang='lat' dir='ltr'>etiam</span> <span class='ocrx_word' id='word_1_24' title='bbox 442 534 611 614; x_wconf 86' lang='lat' dir='ltr'>Pompeius,</span> <span class='ocrx_word' id='word_1_25' title='bbox 626 541 638 607; x_wconf 93' lang='lat'>(</span> <span class='ocrx_word' id='word_1_26' title='bbox 653 533 730 616; x_wconf 86' lang='lat' dir='ltr'>quod</span> <span class='ocrx_word' id='word_1_27' title='bbox 747 536 819 594; x_wconf 86' lang='lat' dir='ltr'>nulii</span> 
     </span>
     <span class='ocr_line' id='line_1_6' title="bbox 131 557 818 696; baseline 0 -21"><span class='ocrx_word' id='word_1_28' title='bbox 131 557 337 675; x_wconf 55' lang='lat' dir='ltr'>siomanorum</span> <span class='ocrx_word' id='word_1_29' title='bbox 356 615 491 674; x_wconf 88' lang='lat' dir='ltr'>tributum</span> <span class='ocrx_word' id='word_1_30' title='bbox 514 634 571 675; x_wconf 86' lang='lat' dir='ltr'>etat</span> <span class='ocrx_word' id='word_1_31' title='bbox 584 623 616 690; x_wconf 86' lang='lat'>),</span> <span class='ocrx_word' id='word_1_32' title='bbox 640 635 769 696; x_wconf 86' lang='lat' dir='ltr'>quartum</span> <span class='ocrx_word' id='word_1_33' title='bbox 790 626 818 676; x_wconf 86' lang='lat'>&amp;</span> 
     </span>
     <span class='ocr_line' id='line_1_7' title="bbox 132 695 816 779; baseline -0.001 -23"><span class='ocrx_word' id='word_1_34' title='bbox 132 699 308 779; x_wconf 83' lang='lat' dir='ltr'>vigesimum</span> <span class='ocrx_word' id='word_1_35' title='bbox 323 718 429 756; x_wconf 86' lang='lat' dir='ltr'>annum</span> <span class='ocrx_word' id='word_1_36' title='bbox 444 718 549 778; x_wconf 84' lang='lat' dir='ltr'>agens,</span> <span class='ocrx_word' id='word_1_37' title='bbox 560 695 595 756; x_wconf 85' lang='lat' dir='ltr'>de</span> <span class='ocrx_word' id='word_1_38' title='bbox 605 695 702 756; x_wconf 60' lang='lat' dir='ltr'>Africa</span> <span class='ocrx_word' id='word_1_39' title='bbox 713 699 816 756; x_wconf 86' lang='lat' dir='ltr'>trium-</span> 
     </span>
     <span class='ocr_line' id='line_1_8' title="bbox 132 775 818 858; baseline 0.006 -24"><span class='ocrx_word' id='word_1_40' title='bbox 132 775 245 858; x_wconf 81' lang='lat' dir='ltr'>phavit.</span> <span class='ocrx_word' id='word_1_41' title='bbox 265 778 351 836; x_wconf 87' lang='lat' dir='ltr'>Hunc</span> <span class='ocrx_word' id='word_1_42' title='bbox 374 775 460 836; x_wconf 88' lang='lat' dir='ltr'>finem</span> <span class='ocrx_word' id='word_1_43' title='bbox 482 775 639 838; x_wconf 87' lang='lat' dir='ltr'>habuerunt</span> <span class='ocrx_word' id='word_1_44' title='bbox 664 777 720 837; x_wconf 88' lang='lat' dir='ltr'>duo</span> <span class='ocrx_word' id='word_1_45' title='bbox 744 779 818 838; x_wconf 85' lang='lat' dir='ltr'>belia</span> 
     </span>
     <span class='ocr_line' id='line_1_9' title="bbox 133 857 819 941; baseline 0.003 -24"><span class='ocrx_word' id='word_1_46' title='bbox 133 857 351 929; x_wconf 83' lang='lat' dir='ltr'>funestissima3</span> <span class='ocrx_word' id='word_1_47' title='bbox 371 858 524 931; x_wconf 78' lang='lat' dir='ltr'>Italicum,</span> <span class='ocrx_word' id='word_1_48' title='bbox 549 858 627 941; x_wconf 88' lang='lat' dir='ltr'>quod</span> <span class='ocrx_word' id='word_1_49' title='bbox 655 869 684 919; x_wconf 90' lang='lat'>&amp;</span> <span class='ocrx_word' id='word_1_50' title='bbox 708 859 819 919; x_wconf 80' lang='lat' dir='ltr'>Sociale</span> 
     </span>
     <span class='ocr_line' id='line_1_10' title="bbox 134 937 819 1023; baseline 0.004 -26"><span class='ocrx_word' id='word_1_51' title='bbox 134 939 247 999; x_wconf 61' lang='lat' dir='ltr'>dissum</span> <span class='ocrx_word' id='word_1_52' title='bbox 270 937 328 1010; x_wconf 83' lang='lat' dir='ltr'>est3</span> <span class='ocrx_word' id='word_1_53' title='bbox 351 948 379 999; x_wconf 88' lang='lat'>&amp;</span> <span class='ocrx_word' id='word_1_54' title='bbox 396 940 491 1001; x_wconf 88' lang='lat' dir='ltr'>Civile</span> <span class='ocrx_word' id='word_1_55' title='bbox 514 965 520 998; x_wconf 88' lang='lat'>:</span> <span class='ocrx_word' id='word_1_56' title='bbox 540 963 601 1023; x_wconf 84' lang='lat' dir='ltr'>quae</span> <span class='ocrx_word' id='word_1_57' title='bbox 625 940 713 1000; x_wconf 87' lang='lat' dir='ltr'>ambo</span> <span class='ocrx_word' id='word_1_58' title='bbox 732 944 819 1000; x_wconf 73' lang='lat' dir='ltr'>trasia</span> 
     </span>
     <span class='ocr_line' id='line_1_11' title="bbox 134 1018 820 1100; baseline 0 -20"><span class='ocrx_word' id='word_1_59' title='bbox 134 1019 202 1080; x_wconf 90' lang='lat' dir='ltr'>sunt</span> <span class='ocrx_word' id='word_1_60' title='bbox 230 1039 278 1100; x_wconf 90' lang='lat' dir='ltr'>pet</span> <span class='ocrx_word' id='word_1_61' title='bbox 304 1043 393 1080; x_wconf 86' lang='lat' dir='ltr'>annos</span> <span class='ocrx_word' id='word_1_62' title='bbox 426 1020 523 1081; x_wconf 88' lang='lat' dir='ltr'>decem·</span> <span class='ocrx_word' id='word_1_63' title='bbox 552 1046 558 1078; x_wconf 92' lang='lat'><strong>:</strong></span> <span class='ocrx_word' id='word_1_64' title='bbox 587 1018 820 1100; x_wconf 85' lang='lat' dir='ltr'>consumpserunt</span> 
     </span>
     <span class='ocr_line' id='line_1_12' title="bbox 130 1100 818 1185; baseline -0.001 -25"><span class='ocrx_word' id='word_1_65' title='bbox 130 1105 209 1183; x_wconf 86' lang='lat' dir='ltr'>ultra</span> <span class='ocrx_word' id='word_1_66' title='bbox 230 1121 345 1160; x_wconf 87' lang='lat' dir='ltr'>centum</span> <span class='ocrx_word' id='word_1_67' title='bbox 369 1111 396 1162; x_wconf 93' lang='lat'>&amp;</span> <span class='ocrx_word' id='word_1_68' title='bbox 417 1104 624 1185; x_wconf 81' lang='lat' dir='ltr'>quinquaginta</span> <span class='ocrx_word' id='word_1_69' title='bbox 649 1103 739 1160; x_wconf 82' lang='lat' dir='ltr'>millia</span> <span class='ocrx_word' id='word_1_70' title='bbox 760 1100 818 1159; x_wconf 79' lang='lat' dir='ltr'>lto-</span> 
     </span>
     <span class='ocr_line' id='line_1_13' title="bbox 133 1182 818 1266; baseline 0 -25"><span class='ocrx_word' id='word_1_71' title='bbox 133 1185 249 1243; x_wconf 85' lang='lat' dir='ltr'>minum</span> <span class='ocrx_word' id='word_1_72' title='bbox 263 1206 272 1252; x_wconf 82' lang='lat'>3</span> <span class='ocrx_word' id='word_1_73' title='bbox 286 1185 361 1243; x_wconf 86' lang='lat' dir='ltr'>viros</span> <span class='ocrx_word' id='word_1_74' title='bbox 374 1182 545 1244; x_wconf 82' lang='lat' dir='ltr'>Consulares</span> <span class='ocrx_word' id='word_1_75' title='bbox 557 1185 818 1266; x_wconf 81' lang='lat' dir='ltr'>viginti-quatuor,</span> 
     </span>
     <span class='ocr_line' id='line_1_14' title="bbox 132 1262 817 1347; baseline 0 -24"><span class='ocrx_word' id='word_1_76' title='bbox 132 1263 285 1324; x_wconf 85' lang='lat' dir='ltr'>Ptaetorios</span> <span class='ocrx_word' id='word_1_77' title='bbox 312 1262 448 1343; x_wconf 91' lang='lat' dir='ltr'>septem,</span> <span class='ocrx_word' id='word_1_78' title='bbox 469 1264 620 1325; x_wconf 87' lang='lat' dir='ltr'>AEdilitios</span> <span class='ocrx_word' id='word_1_79' title='bbox 653 1262 817 1347; x_wconf 83' lang='lat' dir='ltr'>sexaginta,</span> 
     </span>
     <span class='ocr_line' id='line_1_15' title="bbox 133 1345 535 1407; baseline 0.005 -2"><span class='ocrx_word' id='word_1_80' title='bbox 133 1346 286 1405; x_wconf 87' lang='lat' dir='ltr'>Senatores</span> <span class='ocrx_word' id='word_1_81' title='bbox 309 1345 367 1405; x_wconf 74' lang='lat' dir='ltr'>sere</span> <span class='ocrx_word' id='word_1_82' title='bbox 390 1346 535 1407; x_wconf 86' lang='lat' dir='ltr'>ducentos.</span> 
     </span>
    </p>
   </div>
   <div class='ocr_carea' id='block_1_3' title="bbox 138 1473 822 1545">
    <p class='ocr_par' dir='ltr' id='par_1_4' title="bbox 138 1473 822 1545">
     <span class='ocr_line' id='line_1_16' title="bbox 138 1473 822 1545; baseline 0.007 -19"><span class='ocrx_word' id='word_1_83' title='bbox 138 1473 822 1545; x_wconf 41' lang='lat' dir='ltr'>⁴====zQQAEE‚-„mmmd</span> 
     </span>
    </p>
   </div>
   <div class='ocr_carea' id='block_1_4' title="bbox 216 1600 746 1669">
    <p class='ocr_par' dir='ltr' id='par_1_5' title="bbox 216 1600 746 1669">
     <span class='ocr_line' id='line_1_17' title="bbox 216 1600 746 1669; baseline 0.004 -3"><span class='ocrx_word' id='word_1_84' title='bbox 216 1601 422 1669; x_wconf 87' lang='lat' dir='ltr'><em>LIBER</em></span> <span class='ocrx_word' id='word_1_85' title='bbox 470 1600 746 1668; x_wconf 81' lang='lat' dir='ltr'><em>SEXTUS.</em></span> 
     </span>
    </p>
   </div>
   <div class='ocr_carea' id='block_1_5' title="bbox 333 1791 616 1854">
    <p class='ocr_par' dir='ltr' id='par_1_6' title="bbox 333 1791 616 1854">
     <span class='ocr_line' id='line_1_18' title="bbox 333 1791 616 1854; baseline -0.004 0"><span class='ocrx_word' id='word_1_86' title='bbox 333 1791 551 1854; x_wconf 84' lang='lat' dir='ltr'><strong>CAPUT</strong></span> <span class='ocrx_word' id='word_1_87' title='bbox 592 1794 616 1853; x_wconf 90' lang='lat' dir='ltr'>I.</span> 
     </span>
    </p>
   </div>
   <div class='ocr_carea' id='block_1_6' title="bbox 65 1882 820 2498">
    <p class='ocr_par' dir='ltr' id='par_1_7' title="bbox 65 1882 820 2425">
     <span class='ocr_line' id='line_1_19' title="bbox 133 1882 820 2017; baseline 0.001 -19"><span class='ocrx_word' id='word_1_88' title='bbox 133 1882 252 1998; x_wconf 68' lang='grc' dir='ltr'>ΜΛ</span> <span class='ocrx_word' id='word_1_89' title='bbox 268 1958 287 1998; x_wconf 77' lang='lat' dir='ltr'>R</span> <span class='ocrx_word' id='word_1_90' title='bbox 301 1961 321 1998; x_wconf 81' lang='lat' dir='ltr'><strong>c</strong></span> <span class='ocrx_word' id='word_1_91' title='bbox 334 1952 370 1998; x_wconf 74' lang='grc' dir='ltr'>ο·</span> <span class='ocrx_word' id='word_1_92' title='bbox 388 1937 512 1998; x_wconf 87' lang='lat' dir='ltr'>AEtnilio</span> <span class='ocrx_word' id='word_1_93' title='bbox 541 1937 650 2017; x_wconf 89' lang='lat' dir='ltr'>Lepido</span> <span class='ocrx_word' id='word_1_94' title='bbox 672 1984 681 2009; x_wconf 90' lang='lat'>,</span> <span class='ocrx_word' id='word_1_95' title='bbox 708 1939 820 2016; x_wconf 88' lang='lat' dir='ltr'>Quinto</span> 
     </span>
     <span class='ocr_line' id='line_1_20' title="bbox 138 2018 819 2101; baseline 0 -21"><span class='ocrx_word' id='word_1_96' title='bbox 138 2021 250 2081; x_wconf 83' lang='lat' dir='ltr'>Catulo</span> <span class='ocrx_word' id='word_1_97' title='bbox 266 2018 458 2091; x_wconf 84' lang='lat' dir='ltr'>Consulibus,</span> <span class='ocrx_word' id='word_1_98' title='bbox 480 2019 543 2078; x_wconf 86' lang='lat' dir='ltr'>ctirn</span> <span class='ocrx_word' id='word_1_99' title='bbox 557 2020 636 2100; x_wconf 85' lang='lat' dir='ltr'>Sylla</span> <span class='ocrx_word' id='word_1_100' title='bbox 650 2018 819 2101; x_wconf 85' lang='lat' dir='ltr'>Rempubii-</span> 
     </span>
     <span class='ocr_line' id='line_1_21' title="bbox 137 2098 816 2180; baseline -0.001 -20"><span class='ocrx_word' id='word_1_101' title='bbox 137 2115 203 2162; x_wconf 84' lang='lat' dir='ltr'>carn</span> <span class='ocrx_word' id='word_1_102' title='bbox 223 2098 439 2180; x_wconf 82' lang='lat' dir='ltr'>composuisset,</span> <span class='ocrx_word' id='word_1_103' title='bbox 456 2101 530 2161; x_wconf 85' lang='lat' dir='ltr'>bella</span> <span class='ocrx_word' id='word_1_104' title='bbox 547 2123 623 2163; x_wconf 87' lang='lat' dir='ltr'>nova</span> <span class='ocrx_word' id='word_1_105' title='bbox 638 2100 816 2161; x_wconf 84' lang='lat' dir='ltr'>exarserunt:</span> 
     </span>
     <span class='ocr_line' id='line_1_22' title="bbox 136 2180 817 2262; baseline -0.003 -20"><span class='ocrx_word' id='word_1_106' title='bbox 136 2204 227 2242; x_wconf 90' lang='lat' dir='ltr'>unum</span> <span class='ocrx_word' id='word_1_107' title='bbox 248 2184 278 2242; x_wconf 91' lang='lat' dir='ltr'>in</span> <span class='ocrx_word' id='word_1_108' title='bbox 296 2180 460 2262; x_wconf 62' lang='lat' dir='ltr'>Hispanis,</span> <span class='ocrx_word' id='word_1_109' title='bbox 485 2181 561 2243; x_wconf 83' lang='lat' dir='ltr'>aliud</span> <span class='ocrx_word' id='word_1_110' title='bbox 577 2184 817 2252; x_wconf 72' lang='lat' dir='ltr'>in-Ma&#39;cedonii3</span> 
     </span>
     <span class='ocr_line' id='line_1_23' title="bbox 136 2261 818 2345; baseline -0.003 -21"><span class='ocrx_word' id='word_1_111' title='bbox 136 2267 253 2324; x_wconf 86' lang='lat' dir='ltr'>tertium</span> <span class='ocrx_word' id='word_1_112' title='bbox 271 2266 301 2322; x_wconf 95' lang='lat' dir='ltr'>in</span> <span class='ocrx_word' id='word_1_113' title='bbox 315 2261 482 2343; x_wconf 76' lang='lat' dir='ltr'>Pamphylia</span> <span class='ocrx_word' id='word_1_114' title='bbox 499 2274 526 2323; x_wconf 85' lang='lat'>&amp;</span> <span class='ocrx_word' id='word_1_115' title='bbox 543 2263 669 2334; x_wconf 66' lang='lat' dir='ltr'>Cilici313</span> <span class='ocrx_word' id='word_1_116' title='bbox 688 2285 818 2345; x_wconf 86' lang='lat' dir='ltr'>quartum</span> 
     </span>
     <span class='ocr_line' id='line_1_24' title="bbox 65 2345 819 2425; baseline -0.003 -20"><span class='ocrx_word' id='word_1_117' title='bbox 65 2396 68 2405; x_wconf 87' lang='lat'>.</span> <span class='ocrx_word' id='word_1_118' title='bbox 135 2349 166 2405; x_wconf 88' lang='lat' dir='ltr'>in</span> <span class='ocrx_word' id='word_1_119' title='bbox 180 2345 342 2406; x_wconf 62' lang='lat' dir='ltr'>Dalmatis.</span> <span class='ocrx_word' id='word_1_120' title='bbox 360 2345 438 2404; x_wconf 88' lang='lat' dir='ltr'>Nam</span> <span class='ocrx_word' id='word_1_121' title='bbox 456 2346 610 2415; x_wconf 81' lang='lat' dir='ltr'>Sertorius,</span> <span class='ocrx_word' id='word_1_122' title='bbox 629 2348 678 2425; x_wconf 89' lang='lat' dir='ltr'>qui</span> <span class='ocrx_word' id='word_1_123' title='bbox 698 2347 819 2424; x_wconf 83' lang='lat' dir='ltr'>partium</span> 
     </span>
    </p>

    <p class='ocr_par' dir='ltr' id='par_1_8' title="bbox 97 2425 820 2498">
     <span class='ocr_line' id='line_1_25' title="bbox 97 2425 820 2498; baseline -0.003 -12"><span class='ocrx_word' id='word_1_124' title='bbox 97 2451 101 2457; x_wconf 68' lang='grc'><strong><em>’</em></strong></span> <span class='ocrx_word' id='word_1_125' title='bbox 136 2428 335 2487; x_wconf 83' lang='lat' dir='ltr'>Marianarum</span> <span class='ocrx_word' id='word_1_126' title='bbox 354 2425 461 2498; x_wconf 74' lang='lat' dir='ltr'>suerat,</span> <span class='ocrx_word' id='word_1_127' title='bbox 485 2429 586 2485; x_wconf 87' lang='lat' dir='ltr'>timens</span> <span class='ocrx_word' id='word_1_128' title='bbox 606 2425 749 2485; x_wconf 86' lang='lat' dir='ltr'>fortunam</span> <span class='ocrx_word' id='word_1_129' title='bbox 770 2447 820 2484; x_wconf 79' lang='lat' dir='ltr'>cae-</span> 
     </span>
    </p>
   </div>
   <div class='ocr_carea' id='block_1_7' title="bbox 132 2506 911 2835">
    <p class='ocr_par' dir='ltr' id='par_1_9' title="bbox 132 2506 821 2746">
     <span class='ocr_line' id='line_1_26' title="bbox 135 2506 821 2587; baseline -0.003 -20"><span class='ocrx_word' id='word_1_130' title='bbox 135 2528 282 2579; x_wconf 86' lang='lat' dir='ltr'>terorum,</span> <span class='ocrx_word' id='word_1_131' title='bbox 310 2509 360 2587; x_wconf 89' lang='lat' dir='ltr'>qui</span> <span class='ocrx_word' id='word_1_132' title='bbox 383 2509 540 2587; x_wconf 89' lang='lat' dir='ltr'>interempti</span> <span class='ocrx_word' id='word_1_133' title='bbox 566 2526 666 2575; x_wconf 82' lang='lat' dir='ltr'>erant,</span> <span class='ocrx_word' id='word_1_134' title='bbox 695 2506 730 2566; x_wconf 86' lang='lat' dir='ltr'>ad</span> <span class='ocrx_word' id='word_1_135' title='bbox 759 2506 821 2565; x_wconf 88' lang='lat' dir='ltr'>bel·</span> 
     </span>
     <span class='ocr_line' id='line_1_27' title="bbox 132 2584 820 2667; baseline -0.003 -18"><span class='ocrx_word' id='word_1_136' title='bbox 132 2591 195 2649; x_wconf 90' lang='lat' dir='ltr'>lurn</span> <span class='ocrx_word' id='word_1_137' title='bbox 219 2590 379 2648; x_wconf 88' lang='lat' dir='ltr'>commovit</span> <span class='ocrx_word' id='word_1_138' title='bbox 394 2589 556 2667; x_wconf 78' lang='lat' dir='ltr'>Hispanias,</span> <span class='ocrx_word' id='word_1_139' title='bbox 574 2587 659 2646; x_wconf 85' lang='lat' dir='ltr'>Missi</span> <span class='ocrx_word' id='word_1_140' title='bbox 676 2584 738 2646; x_wconf 89' lang='lat' dir='ltr'>sunt</span> <span class='ocrx_word' id='word_1_141' title='bbox 749 2608 820 2648; x_wconf 88' lang='lat' dir='ltr'>con·</span> 
     </span>
     <span class='ocr_line' id='line_1_28' title="bbox 132 2666 817 2746; baseline -0.001 -18"><span class='ocrx_word' id='word_1_142' title='bbox 132 2691 175 2730; x_wconf 84' lang='lat' dir='ltr'>tra</span> <span class='ocrx_word' id='word_1_143' title='bbox 200 2692 267 2731; x_wconf 85' lang='lat' dir='ltr'>eum</span> <span class='ocrx_word' id='word_1_144' title='bbox 296 2666 401 2740; x_wconf 88' lang='lat' dir='ltr'>duces,</span> <span class='ocrx_word' id='word_1_145' title='bbox 429 2670 553 2746; x_wconf 86' lang='lat' dir='ltr'>Quintus</span> <span class='ocrx_word' id='word_1_146' title='bbox 586 2666 717 2729; x_wconf 83' lang='lat' dir='ltr'>Caecilius</span> <span class='ocrx_word' id='word_1_147' title='bbox 746 2669 817 2728; x_wconf 87' lang='lat' dir='ltr'>Me-</span> 
     </span>
    </p>

    <p class='ocr_par' dir='ltr' id='par_1_10' title="bbox 133 2746 911 2835">
     <span class='ocr_line' id='line_1_29' title="bbox 133 2746 911 2835; baseline -0.004 -21"><span class='ocrx_word' id='word_1_148' title='bbox 133 2754 219 2814; x_wconf 84' lang='lat' dir='ltr'>tellus</span> <span class='ocrx_word' id='word_1_149' title='bbox 231 2798 242 2827; x_wconf 90' lang='lat'><em>,</em></span> <span class='ocrx_word' id='word_1_150' title='bbox 270 2749 343 2814; x_wconf 84' lang='lat' dir='ltr'>filius</span> <span class='ocrx_word' id='word_1_151' title='bbox 364 2755 442 2830; x_wconf 82' lang='lat' dir='ltr'>ejus,</span> <span class='ocrx_word' id='word_1_152' title='bbox 466 2752 516 2831; x_wconf 90' lang='lat' dir='ltr'>qui</span> <span class='ocrx_word' id='word_1_153' title='bbox 533 2746 699 2835; x_wconf 79' lang='lat' dir='ltr'>Jugurtham</span> <span class='ocrx_word' id='word_1_154' title='bbox 721 2771 817 2834; x_wconf 82' lang='lat' dir='ltr'>regent</span> <span class='ocrx_word' id='word_1_155' title='bbox 908 2746 911 2749; x_wconf 64' lang='grc'><strong>’</strong></span> 
     </span>
    </p>
   </div>
   <div class='ocr_carea' id='block_1_8' title="bbox 0 0 1032 3628">
    <p class='ocr_par' dir='ltr' id='par_1_11' title="bbox 0 0 1032 3628">
     <span class='ocr_line' id='line_1_30' title="bbox 0 0 1032 3628; baseline 0 0"><span class='ocrx_word' id='word_1_156' title='bbox 0 0 1032 3628; x_wconf 95' lang='lat' dir='ltr'> </span> 
     </span>
    </p>
   </div>
  </div>
 </body>
</html>
