1982 3614
221 256 286 310 Dr
317 241 669 318 casnnraos„
710 248 777 328 26'9

97 363 238 433 tioribus,
258 360 337 442 qudd
353 362 468 421 militari
484 359 589 420 ferocilt
606 350 719 444 legendi
737 364 780 437 jus

96 444 235 524 Principis
254 444 383 503 Proceres
404 439 571 521 recepissent.
593 443 664 519 Quae
683 461 779 502 tamen

97 527 193 585 laetiria
211 525 325 594 brevis,
348 543 438 602 neque
460 525 534 582 exitu
554 523 693 581 tolerabili
715 521 778 581 fuit.

96 605 233 686 Namque
252 603 356 664 Tacito
377 601 525 662 confestim
548 602 565 662 ‘a
588 602 779 663 ducentesima

96 689 178 768 regni
202 686 262 743 luce
289 685 396 766 Tyanae
420 704 562 754 mortuo,
595 682 659 743 cum
682 702 778 745 tamen

96 765 171 846 priris
195 769 321 825 auetores
342 767 489 825 Aureliani
509 767 609 835 necis,
633 765 776 823 maxime-

96 868 152 927 que
171 847 355 927 Mucaperem
377 846 499 916 ducem,
520 843 598 927 quod
615 846 700 924 ipsius
721 848 778 904 ielu

96 927 260 997 occiderat,
286 923 512 996 excruciaviilet,
537 926 681 984 Florianus
700 924 777 1003 ejus-

98 1007 165 1066 dem
192 1007 306 1078 frater,
333 1004 555 1067 nullo'Senattls
580 1004 628 1065 seu
655 1007 779 1066 militum

96 1086 228 1158 consulto
245 1087 398 1168 Imperium
415 1087 576 1157 invaserat,

139 1167 322 1228 XXXVII.
345 1169 406 1244 Qui
427 1190 484 1227 uno
504 1164 598 1226 mense
619 1185 668 1226 aur
691 1167 779 1226 altero

89 1252 146 1309 vvir
161 1247 297 1308 retentati
310 1249 505 1308 dominatione
521 1247 595 1327 apud
605 1245 726 1307 Tarsum
741 1249 778 1307 ab

98 1328 155 1390 suis
177 1327 351 1388 interficitur.
366 1327 431 1388 Post
446 1350 531 1410 quern
550 1328 674 1388 Probum
690 1330 720 1387 in
739 1329 781 1389 Il-

97 1412 190 1490 lyrico
204 1409 310 1469 facium
324 1410 474 1490 accepere,
490 1411 599 1492 ingenti
612 1409 680 1468 belli
693 1407 780 1471 scien-

98 1491 139 1550 til
156 1488 397 1571 exercitandisque
413 1492 490 1550 varie
507 1491 664 1560 militibus,
685 1511 717 1550 ac
731 1490 781 1550 du·
812 1559 816 1568 .

98 1570 188 1631 rande
213 1576 358 1650 juventute
381 1591 466 1651 prope
487 1571 680 1631 Hannibalem
704 1571 778 1630 alte-

98 1672 171 1712 rum.
192 1651 326 1732 Namque
341 1672 371 1711 ut
385 1653 431 1711 ille
448 1652 517 1712 oleis
530 1652 633 1712 Africae
649 1654 779 1733 pleraque

24 1764 25 1769 κ
99 1754 148 1813 per
173 1734 326 1814 legiones,
350 1754 468 1813 quarum
494 1737 586 1792 otium
608 1733 780 1811 Reipublicae

99 1833 185 1894 atque
207 1811 368 1872 ductoribus
387 1811 544 1892 suspedtum
568 1813 679 1872 rebatur
691 1856 701 1882 ,
725 1833 778 1871 eo-

99 1894 166 1961 dem
196 1894 283 1953 modo
309 1891 355 1951 hic
386 1894 537 1964 Galliam,
564 1890 730 1952 Pannonias
747 1915 779 1952 ue

100 1984 128 2034 &
140 1973 300 2034 Moesorum
314 1974 400 2033 colles
414 1976 515 2034 vinetis
530 1976 646 2054 replevit
659 1997 669 2043 3
686 1916 780 2053 pollea

100 2053 167 2114 sane
181 2055 268 2136 quam
277 2055 464 2114 Barbatorum
478 2057 576 2115 attritae
591 2075 685 2138 gentes
699 2053 779 2127 suist,

100 2157 163 2216 quae
182 2135 282 2195 nostris
301 2137 470 2215 principibus
488 2135 601 2195 luorum
620 2134 719 2195 scelere
740 2139 782 2195 in-

100 2216 244 2288 terfeetis,
266 2220 440 2294 irruperant3
463 2218 546 2276 simul
563 2219 660 2286 caesis,
682 2217 781 2276 Satur-

100 2300 170 2356 nino
200 2316 248 2377 per
278 2295 425 2356 Orientem
440 2342 450 2367 ,
464 2299 640 2380 Agrippina
665 2295 780 2357 Bonoso

100 2379 246 2446 exercitu,
269 2398 336 2436 narn
357 2380 465 2458 utrique
486 2378 663 2437 dominatum
689 2396 782 2435 tenta-

100 2478 220 2528 verant,
235 2455 363 2536 sumptlt,
383 2462 427 2518 cui
440 2458 523 2517 duces
537 2477 692 2537 praeerant,
712 2477 779 2516 ma-

100 2560 149 2598 nu.
177 2537 245 2615 Qui
265 2535 346 2597 causi
366 2541 481 2618 receptis
504 2537 637 2596 omnibus
660 2535 781 2616 pacatis-

123 2640 157 2678 ue
182 2615 277 2678 dixille
297 2617 442 2698 proditur,
464 2620 542 2678 brevi
561 2618 663 2676 milites
683 2616 780 2680 frustra

101 2640 171 2758 lore.
189 2700 266 2759 Hinc
283 2698 403 2779 denique
418 2704 508 2782 magis
526 2701 625 2758 irritati
639 2698 724 2779 paulo
742 2702 781 2760 cis

100 2778 210 2840 sertum
228 2790 335 2841 annum
350 2779 424 2862 apud
435 2781 569 2841 Sirmium
587 2779 780 2852 trucidavere,

530 2861 659 2942 'Miij
