1982 3614
208 223 273 305 278
353 214 480 290 Anu.
509 179 727 285 Vicron

247 335 315 396 XL.
338 333 427 477 spitur
440 331 632 406 Constantio,
651 336 886 416 Armentarioque

207 413 252 477 bis
267 415 345 476 succe
366 410 477 476 entibus
495 461 505 486 ,
526 416 644 476 Severus
655 414 886 497 Maximinusque

207 497 386 579 Illyricorum
404 497 543 580 indigenae
561 496 710 568 Caesares,
730 499 800 578 prior
815 497 884 556 lta·
913 532 942 556 .·

207 579 277 641 liam
291 625 302 649 ‚
327 577 462 660 posterior
474 581 504 638 in
518 599 580 658 quae
593 579 691 639 Jovius
703 579 862 638 obtinuerat
873 623 886 649 ,

207 658 387 720 destinantur.
409 658 498 736 Quod
517 660 633 719 tolerare
651 661 782 742 nequiens
797 658 887 720 Con·

209 739 368 821 stantinus„
390 745 467 819 cujus
486 744 544 819 jam
567 758 627 800 turn
647 738 664 800 *a
683 761 766 821 puero
784 742 888 823 ingens

207 820 362 903 potensque
383 823 492 880 animus
513 819 611 880 ardore
627 819 805 903 imperitandi
822 822 887 903 agi·

208 902 344 973 taberent,
365 901 439 985 sugat
464 922 650 974 commento,
673 901 740 963 crim
759 902 794 964 ad
810 899 888 961 frus-

207 984 321 1044 trandos
334 980 510 1063 insequentes
524 983 633 1062 publica
648 988 795 1062 jumenta,
813 1003 889 1064 qua·

209 1062 266 1146 quir
293 1067 344 1124 iter
369 1082 485 1146 egerat,
509 1061 698 1137 interficeret,
723 1066 752 1124 in
772 1064 887 1123 Britan-

211 1147 290 1204 niam
300 1146 441 1226 pervenit3
456 1148 542 1215 (nam
556 1146 579 1203 is
589 1143 607 1203 ir
617 1145 735 1205 Galerio
744 1145 890 1227 religionis

208 1222 227 1285 s
242 1228 325 1295 ecie,
349 1224 384 1284 ad
404 1227 496 1285 vicem
516 1224 622 1285 obsidis
643 1225 826 1300 tenebatur.)
849 1226 888 1286 Er

209 1246 282 1366 ibrte
307 1303 407 1365 iisdem
430 1305 527 1365 diebus
555 1305 661 1366 ibidem
686 1304 887 1368 Constantium

208 1405 318 1467 patrem
336 1389 399 1446 vitae
417 1387 517 1446 ultima
537 1387 668 1470 agebant.
687 1387 757 1463 Quo
774 1406 887 1447 mortuo

210 1469 341 1538 cuneiis,
362 1468 411 1547 qui
432 1466 569 1537 aderant,
590 1468 802 1539 annitentibus,
825 1470 885 1526 im··

207 1548 316 1627 perium
333 1548 417 1626 capit.
435 1547 551 1607 Interim
569 1546 669 1608 Romae
688 1550 810 1632 vulgus,
828 1569 888 1608 tur-

207 1647 317 1709 maeque
339 1627 474 1687 Praetoriae
494 1629 699 1699 Maxentium,
723 1632 889 1690 retradiante

209 1706 258 1768 diu
276 1727 352 1787 patre
369 1707 528 1780 Herculio,
551 1708 753 1789 imperatorem
776 1708 887 1770 confir·

209 1807 298 1849 mant.
332 1788 420 1866 Quod
450 1791 499 1849 ubi
529 1789 721 1850 Armentarins
748 1793 889 1871 accepit,

209 1869 343 1931 Severum
364 1867 530 1940 Caesarem,
556 1873 606 1952 qui
634 1868 699 1930 casu
718 1869 755 1930 ad
774 1872 890 1933 Urbem

209 1969 289 2021 erat,
306 1972 385 2010 arma
406 1952 436 2010 in
456 1948 565 2010 hostem
583 1951 654 2012 ferre
669 1952 783 2032 propere
798 1953 890 2031 jubetz

179 2083 182 2089 .
209 2029 237 2091 Is
263 2034 366 2091 circum
386 2052 480 2091 muros
502 2030 566 2091 crim
587 2054 604 2092 a
641 2051 705 2102 ret,
729 2030 851 2093 desertus
873 2033 892 2093 i

210 2107 285 2182 suis,
309 2133 380 2194 quos
399 2113 576 2192 praemiorum
600 2053 737 2173 iiiecebris
758 2114 891 2174 Maxen-

209 2192 264 2251 tius
278 2193 454 2264 traduxerat,
467 2192 601 2276 fugiens,
614 2191 791 2275 obsessusque
801 2241 814 2265 ‚
827 2194 893 2256 ua-

208 2292 307 2333 vennac
320 2274 402 2334 obiit.
424 2272 492 2338 Huc
505 2277 596 2334 acrior
609 2275 738 2336 Galerius
751 2320 760 2345 ‚
779 2273 893 2341 adscito

136 2407 138 2411 .
208 2354 241 2414 in
260 2355 409 2414 consilium
427 2355 534 2426 Jovio,
553 2356 695 2416 Licinium
709 2375 800 2417 vetere
818 2377 894 2440 cog-

208 2437 302 2496 nitum
315 2433 438 2495 amicitii
450 2433 592 2498 Caesarem
603 2483 613 2508 ‚
626 2456 701 2497 creat
710 2435 871 2520 Augustum
880 2448 899 2511 ,”

210 2537 301 2599 eoque
319 2517 355 2577 ad
370 2519 578 2577 munimentum
591 2519 719 2599 lllyrici,
740 2539 773 2577 ac
783 2515 891 2579 Thra-

210 2600 260 2656 ciae
281 2599 378 2659 relicio
391 2640 405 2667 ,ν
427 2599 728 2660 Romamcontendit.
752 2598 798 2659 Ibi
822 2598 893 2660 crim

211 2676 360 2739 obsidione
390 2678 590 2752 distineretur,
620 2681 757 2740 militibus
788 2677 893 2741 eidem

211 2754 269 2839 qui
282 2757 433 2841 superiores
446 2759 494 2826 nii
511 2762 653 2824 attentatis
666 2807 678 2833 ,
698 2779 778 2822 metu
794 2781 831 2823 ne
844 2761 897 2823 de·
