1972 3624
223 278 334 344 ¹290
383 252 833 327 AumVrcToara
905 327 908 333 ,

261 375 387 438 Odlavio
403 375 543 433 'Senatore
561 375 693 456 genitus,
716 395 868 437 maternum
886 388 923 459 gei

261 478 315 517 nus
334 457 370 516 ab
389 452 486 515 AEnei
504 475 551 536 per
571 456 678 516 Juliam
700 454 839 517 familiam
858 455 923 518 sorti-

261 557 326 607 tus,
349 536 503 617 adoptione
525 535 592 596 verb
617 536 687 598 Caii
707 535 827 599 Caesaris
849 543 923 617 majo

258 622 296 679 ris
315 617 465 689 avunculi,
485 616 573 679 Caius
592 616 690 679 Caesar
710 617 819 691 ditius,
840 619 923 680 deinde
966 644 967 655 ¹

259 700 299 760 ob
319 701 471 760 victoriam
489 698 629 782 Augustus
649 722 684 758 co
707 703 866 761 nominatus
884 698 921 760 est.

259 779 314 842 Iste
333 784 364 841 in
383 782 502 862 imperio
521 785 649 861 positus,
666 720 864 843 'lgribuniciam
883 800 924 863 po·
966 832 967 847 t

165 870 171 883 '
260 861 388 922 testatem
406 883 455 942 per
473 859 501 922 se
518 864 649 922 exercuit
669 863 829 945 Regionem
846 862 924 947 AEgy·

259 947 303 1026 pti
318 945 502 1008 inundatione
520 943 584 1003 Nili
601 940 707 1004 accessu
721 942 877 1017 difficilem,
889 947 923 1004 in·

259 1029 394 1108 viamque
430 1024 580 1096 aludibus‚
598 1027 629 1084 in
648 1027 800 1105 provincie
819 1026 923 1086 formam
966 1032 967 1099 l

260 1108 381 1191 redegit.
404 1047 502 1183 (Suam
527 1125 558 1165 ut
581 1123 701 1166 annonae
725 1107 812 1167 Urbis
837 1107 922 1186 copio·
966 1102 967 1159 l

258 1187 321 1250 sam
339 1189 474 1259 efficeret,
494 1184 579 1248 forsas
593 1187 700 1248 incurii
713 1186 854 1248 vetustatis
866 1189 924 1248 lino

259 1268 391 1340 clausas,
413 1270 509 1330 labore
535 1271 659 1329 militum
683 1267 823 1349 patefecit.
848 1269 924 1348 Hujus
966 1280 967 1361 l

258 1370 387 1433 tempore
409 1372 444 1410 ex
466 1350 599 1432 AEgypto
621 1351 697 1412 Urbi
715 1371 809 1410 annua
832 1349 922 1411 ducer-
966 1366 967 1419 l

259 1435 312 1493 ries
334 1453 451 1493 centena
476 1433 566 1492 millia
589 1431 725 1492 frumenti
743 1431 923 1492 inferebantur.

256 1512 313 1575 Iste
336 1513 501 1576 Cantabros
529 1522 558 1573 δι
585 1515 774 1595 Aquitanos,
800 1509 924 1579 Rhaetos,

258 1593 449 1665 Vindelicos,
469 1595 620 1657 Dalmatas
639 1615 757 1654 numero
778 1594 924 1676 provincia-
966 1616 967 1655 t

258 1697 324 1739 rum
344 1677 450 1758 populo
471 1675 608 1736 Romano
627 1672 782 1754 conjunxit·
809 1676 925 1743 Suevos,
966 1662 967 1731 l

257 1757 418 1840 Cattosque
439 1757 563 1829 delevit,
585 1757 745 1819 Sicambros
763 1758 795 1833 in
813 1756 926 1819 Galliam

258 1839 407 1902 transtulit.
429 1839 594 1900 Pannonios
613 1836 806 1918 stipendiarios
829 1838 925 1920 adjecit
966 1834 967 1881 ἶ

258 1922 399 1983 Getarum
425 1922 545 2002 poptrlos
573 1918 771 2002 basternasque
798 1919 925 1981 lacessitos

257 2003 340 2064 bellis
352 2004 388 2064 ad
403 2003 586 2063 concordiam
602 2002 749 2082 compulit.
762 2001 841 2061 Huic
854 1996 927 2061 Persa

258 2083 373 2146 obsides
391 2084 573 2156 obtulerunt,
594 2082 762 2164 creandique
780 2083 872 2167 Reges
891 2099 927 2139 an
966 2114 967 2163 j

256 2158 374 2226 bitrium
392 2163 584 2247 permiserunt.
602 2165 649 2225 Ad
666 2162 741 2225 hunc
760 2164 847 2235 Indi,
866 2163 927 2241 scy-
966 2170 967 2219 ἶ

257 2244 334 2320 thae,
353 2247 560 2318 Garamantes,
579 2243 732 2326 AEthiopes
748 2245 859 2330 legatos
875 2260 928 2302 cum
966 2256 967 2333 ᾗ

259 2329 343 2391 donis
375 2327 521 2391 miserunt.
557 2325 641 2392 Adeb
668 2327 791 2407 denique
822 2326 928 2393 turbas,
966 2338 967 2381 i

255 2412 352 2485 bella,
379 2411 534 2471 simultates
560 2407 713 2468 exsecratus
735 2406 805 2481 est,
832 2426 863 2468 ut
885 2406 930 2466 nisi
966 2464 967 2491 ἦ

256 2491 335 2576 justis
359 2492 394 2553 de
416 2495 505 2561 causis
526 2511 682 2572 numquam
706 2493 786 2573 genti
809 2493 929 2572 cuiquam
966 2510 967 2567 t

256 2576 363 2635 bellum
383 2570 523 2634 indixerit.
546 2568 736 2652 laelantisque
758 2568 813 2629 elle
834 2568 930 2654 ingenii
966 2582 967 2677 l

257 2664 285 2715 δι
305 2656 440 2732 levissimi
457 2653 590 2724 dicebat,
607 2652 706 2712 ardore
724 2650 931 2731 triumphandi,
966 2692 967 2695 η

260 2743 289 2794 &
308 2735 347 2793 ob
364 2735 488 2797 lauream
505 2756 664 2804 coronam,
683 2732 713 2792 id
731 2731 792 2804 est,
811 2732 882 2794 folia
897 2734 931 2791 iu·
966 2720 967 2763 l

260 2811 404 2880 frustuosa
422 2821 452 2879 in
471 2814 622 2881 discrimen
641 2834 689 2897 per
707 2815 832 2876 incertos
853 2834 932 2877 even«
