2010 3616
156 266 609 383 OniooGaurtsRoiu.
666 318 727 384 145
771 341 775 349 ,

98 417 131 478 Χ.
150 416 268 478 Addunt
286 413 415 496 praeterea
427 412 550 556 s(puidam
563 413 690 477 AEneam
703 418 734 476 in

67 519 95 557 eo
116 500 207 559 littore
231 499 338 558 Euxini
356 502 424 577 ‘cuju
459 496 506 555 ‘am
531 501 643 557 comitis
665 519 732 557 ma-

67 599 145 652 trem,
166 582 270 640 ultimo
291 580 376 637 aetatis
398 574 552 649 affedlam,
577 581 651 637 circa
675 576 734 637 sta-

68 682 164 742 gnum,
202 661 262 720 uod
280 657 406 719 est-inter
424 657 559 719 Misenon
575 660 736 719 Avernum-

86 763 113 800 ue
129 762 190 802 extu
204 738 272 812 lle,
294 760 379 822 atque
397 739 462 799 inde
482 740 547 798 loco
567 761 672 800 nornen
691 745 737 801 in-

70 763 167 895 ditum,
206 826 238 882 ui
254 824 340 880 etiam
358 834 432 879 nunc
448 821 584 880 Euxinius
600 823 674 881 sinus
692 822 738 882 di-

71 907 130 963 citur
147 927 154 961 ε
174 923 296 984 cumque
317 898 492 982 comperisset
511 899 617 961 ibidem
637 903 736 984 Sibyl·

72 984 119 1043 lam
132 985 295 1044 mortalibus
305 981 397 1041 futura
409 985 577 1063 praecinere,
594 986 623 1041 in
631 984 738 1063 oppido

72 1065 138 1145 quod
150 1085 267 1125 vocatur
276 1062 478 1125 Cimbarionis
489 1109 498 1136 ,
512 1060 614 1123 venisse
626 1061 661 1123 eb
672 1062 741 1124 scis-

72 1148 175 1206 citatum
192 1146 227 1206 de
243 1145 316 1204 statu
332 1142 510 1204 fortunarum
527 1141 639 1204 suarum
658 1168 665 1200 z
680 1146 742 1206 adi-

16 1234 20 1241 '
72 1224 150 1307 tisque
177 1225 242 1288 fatis
258 1273 271 1297 ,
297 1228 418 1285 vetitum
438 1248 474 1285 ne
496 1228 525 1291 is,
543 1228 688 1309 cognitam
712 1229 742 1286 in

73 1304 144 1367 ltalia
153 1306 280 1389 sepeliret
292 1305 490 1387 Prochytam,
506 1309 676 1390 cognatione
689 1308 744 1366 sibi

74 1393 266 1468 conjunctam,
285 1409 372 1469 quam
393 1389 567 1447 incolumem
586 1389 742 1469 reliquerat.

74 1466 107 1527 Et
121 1468 264 1551 postquam
281 1468 317 1528 ad
338 1465 449 1529 clallem
465 1467 566 1540 rediit,
586 1472 743 1552 reperitque

76 1568 226 1622 mortuam,
243 1554 273 1623 in
284 1547 374 1609 insuld
390 1548 519 1632 proximd
530 1547 668 1630 sepelisse,
682 1572 745 1632 quae

75 1651 141 1690 nunc
174 1653 268 1713 uoque
288 1631 388 1693 eodem
409 1629 448 1689 est
468 1634 606 1700 nomine,
623 1651 654 1691 ut
670 1630 743 1691 scri-

75 1711 138 1770 bunt
178 1714 314 1781 nicatius,
333 1720 359 1771 &
375 1712 482 1772 Acilius
498 1710 573 1772 Piso.
593 1711 662 1772 Inde
680 1733 747 1793 pro-

76 1789 171 1854 fectum
180 1790 338 1936 (pervenisse
352 1796 382 1852 in
396 1814 461 1852 eum
476 1793 595 1862 locum,
610 1796 659 1873 qui
671 1814 746 1851 nunc

110 1893 163 1934 rtus

75 1892 145 2014 ideis
160 1961 240 2036 ejus,
279 1976 346 2014 uam
364 1954 470 2014 ibidem
491 1950 617 2013 amissam
631 1952 747 2034 sepeliit.

73 2035 112 2094 tlt
124 2035 191 2096 verb
204 1977 300 2097 Caesar
315 2044 342 2095 dt
355 2035 536 2117 Sempronius
549 2025 648 2105 aiunt,
663 2034 751 2115 Caje-

72 2133 105 2175 tae
126 2137 287 2200 cognomen
308 2112 409 2184 fuisse,
430 2138 489 2176 non
511 2137 640 2188 nomen,
662 2138 694 2177 ex
715 2137 750 2175 eo

72 2193 176 2258 scilicet
191 2197 336 2266 inditum,
354 2196 432 2277 qudd
446 2203 503 2276 ejus
516 2198 634 2257 consilio
646 2197 751 2278 impul-

72 2274 157 2359 suque
175 2297 277 2338 matres
293 2277 428 2357 Trojanae
443 2279 526 2338 taedio
547 2280 628 2361 longi
644 2280 753 2361 navigii

65 2357 183 2420 ‘classem
200 2359 307 2419 ibidem
321 2358 516 2430 incenderint,
535 2357 635 2421 Graecd
648 2358 753 2419 scilicet

72 2443 259 2522 appellatione
279 2437 339 2500 ἀπὸ
360 2437 395 2503 tii
417 2444 536 2511 καίειν,
553 2440 632 2522 quod
652 2437 691 2498 est
710 2441 757 2498 in-

72 2522 201 2582 cendere.
223 2519 293 2580 inde
314 2518 432 2581 adeam
454 2517 541 2581 ltalia
567 2542 674 2588 oram,
695 2540 757 2600 quae

71 2603 108 2661 ab
128 2600 241 2663 arbusto
256 2598 381 2681 ejusdem
397 2604 506 2685 generis
521 2602 645 2660 Laurens
661 2601 758 2682 appel·

71 2683 129 2742 lata
146 2681 207 2756 est,
227 2684 331 2741 Latino
348 2702 502 2766 regnante,
514 2685 675 2764 perveclunt
692 2703 756 2742 cum

70 2783 151 2843 patre
165 2760 312 2833 Anchise,
325 2760 441 2846 filioque
457 2773 484 2824 &
503 2766 607 2823 caeteris
621 2761 756 2836 suorum,

70 2847 194 2908 navibus
218 2840 386 2929 egressum,
407 2848 438 2907 iu
462 2845 554 2905 littore
577 2841 730 2905 accubuisse
745 2891 764 2914 ,-

610 2926 639 2989 G

210 1880 288 1954 ajetae
310 1875 487 1954 appellatur,
506 1895 539 1933 ex
557 1877 672 1933 nomine
689 1894 745 1932 nu-
