1982 3614
212 226 282 294 230
355 203 477 274 Aure.
506 205 716 276 Vrcron

211 319 358 380 mundum.
374 319 488 400 Quippe
504 322 653 380 noxiorum
667 324 767 382 vindis
779 321 862 382 modo
868 334 883 392 ,'

211 403 284 482 pelle
306 404 394 461 tesius
414 400 499 471 ferae,
523 405 632 482 utrique
656 400 734 462 serui
755 402 881 486 genitalia

210 484 290 543 vultu
308 483 497 541 conttestabat
508 505 517 553 3
535 486 647 543 exastor
659 486 769 563 parium
781 489 881 563 majore

211 564 329 645 flagitio.
356 564 451 643 Atque
472 565 544 622 inter
571 561 629 622 haec
657 583 776 624 matrem
801 566 880 623 etiam

211 641 442 702 contaminavilse
469 645 558 724 plures
587 643 729 715 habent,
758 644 882 705 dumea

211 744 270 804 quo
292 745 326 782 ue
347 723 515 785 dominandi
534 725 654 796 ardore,
674 723 775 785 scelere
790 727 881 807 quoli-

212 806 260 864 bet
271 746 375 884 subjici
387 803 477 864 silium
491 808 575 886 cupit.
589 806 622 866 Id
638 817 693 889 ego
706 851 715 877 ,
727 828 883 888 ,quanquam

212 883 389 966 scriptoribus
418 884 527 946 diversa
555 885 763 958 firmantibus,
792 909 883 948 verum

211 986 290 1048 puto.
310 966 444 1048 Namque
463 968 512 1026 ubi
531 987 654 1028 mentem
674 967 824 1028 invaserint
838 970 882 1028 vi-

212 1050 277 1118 tia,
298 1069 475 1131 nequaquam
498 1049 670 1108 verecundie
698 1070 813 1111 externae
837 1048 882 1108 soss

214 1132 314 1189 cietate
337 1127 486 1189 humanius
510 1129 591 1190 datur
612 1131 747 1211 peccandi
771 1128 881 1190 consue-

215 1210 307 1282 tudo,
324 1232 418 1282 nova,
436 1219 463 1270 δι
479 1230 514 1269 eo
529 1210 673 1281 dulciora,
685 1209 835 1282 asseclatu,
853 1210 883 1270 ad

133 1296 138 1302 ’
215 1310 370 1351 extremum
387 1293 416 1350 in
433 1289 496 1351 suos
514 1312 607 1375 agens.
627 1292 715 1369 Quod
734 1290 778 1352 his
794 1291 882 1372 prodiss

215 1390 276 1431 tum
291 1374 400 1454 magis,
418 1372 485 1431 dum
497 1377 578 1452 quasi
589 1373 714 1454 quodam
730 1370 883 1456 progressu,

215 1453 264 1511 illa
285 1473 332 1531 pec
351 1453 450 1512 alteros
475 1453 511 1512 ad
536 1456 626 1533 patrui
650 1456 788 1534 nuptias,
810 1473 837 1514 at
855 1452 884 1511 ne

213 1532 372 1593 alienorum
389 1534 556 1605 cruciatibus
574 1537 667 1594 mariti
684 1536 801 1599 exitium
817 1476 883 1605 3lric

215 1614 350 1693 paulatim
369 1612 406 1673 ad
423 1613 596 1674 sacerdotem
610 1614 723 1685 Vestae,
746 1615 842 1674 deinde
858 1617 884 1673 in

217 1692 268 1763 se,
286 1691 425 1774 postremd
444 1714 558 1776 uterque
577 1697 607 1755 in
624 1694 667 1756 sui
684 1693 772 1756 scelus
790 1692 886 1777 proces·

217 1773 318 1837 serunt.
342 1775 443 1858 Neque
459 1775 659 1837 blandimentis
678 1777 781 1837 talibus
801 1797 885 1837 tamen

218 1855 374 1917 coalescere
390 1858 525 1936 potulre,
546 1855 595 1916 sed
617 1879 651 1917 eo
675 1878 794 1938 praeceps
811 1857 885 1926 dati,

218 1937 286 1997 dum
308 1937 472 2013 insidiantur
491 1940 612 1997 invicem
624 1985 636 2008 ,
657 1958 748 1998 maret
772 1936 885 2019 perversa

156 2015 159 2025 ’
207 2019 330 2077 'interiit
344 2018 435 2111 igitur
452 2017 515 2078 etim
532 2040 618 2078 omne
634 2022 698 2098 jus,
715 2017 813 2101 fasque
825 2040 884 2100 par·

218 2098 318 2157 ricidio
337 2096 477 2171 trivisset,
498 2121 531 2159 ac
556 2101 647 2183 magis
667 2146 676 2171 ,
700 2098 843 2183 magisque
861 2102 886 2159 in

218 2182 342 2259 optimos
369 2178 539 2250 saeviretur,
567 2183 747 2260 conjuravdre
774 2183 886 2262 plures,

219 2259 297 2320 varib
307 2259 372 2319 sane
385 2278 442 2319 tem
479 2259 564 2332 state,
579 2263 615 2323 ad
626 2262 802 2323 liberandam
814 2262 888 2321 Rem·

219 2342 371 2421 publicam.
391 2340 465 2418 Quis
483 2341 621 2422 proditis,
640 2342 770 2425 caesisque
789 2345 886 2403 imma·
926 2386 928 2392 .

220 2424 303 2494 nior,
315 2422 425 2484 Urbem
442 2423 573 2484 incendio
584 2470 594 2496 ,
607 2425 720 2505 plebem
732 2425 797 2484 feris
808 2419 888 2506 vulgd

220 2506 348 2574 emissis,
368 2500 502 2565 Senatum
526 2508 587 2585 pati
602 2524 700 2565 morte
722 2505 818 2565 tollere
841 2503 904 2563 de-'

222 2603 343 2644 creverat
354 2629 366 2653 ,
382 2584 456 2646 nord
478 2584 541 2646 sede
559 2591 648 2668 regno
669 2585 807 2667 quaesitd,
830 2606 887 2644 ma·

222 2664 352 2747 xim'eque
370 2666 503 2726 incitante
523 2667 618 2749 legato
634 2665 800 2727 Parthorum
820 2666 889 2804 ‚equi
962 2658 963 2687 l

223 2740 296 2802 sortd
317 2747 390 2804 inter
403 2749 525 2828 epulas,
546 2749 666 2821 aulicis,
689 2751 731 2808 uti
755 2767 816 2807 mos
880 2786 889 2814 ,
