<?xml version="1.0" encoding="UTF-8"?>
<!DOCTYPE html PUBLIC "-//W3C//DTD XHTML 1.0 Transitional//EN"
    "http://www.w3.org/TR/xhtml1/DTD/xhtml1-transitional.dtd">
<html xmlns="http://www.w3.org/1999/xhtml" xml:lang="en" lang="en">
 <head>
  <title>
</title>
<meta http-equiv="Content-Type" content="text/html;charset=utf-8" />
  <meta name='ocr-system' content='tesseract 3.04.00' />
  <meta name='ocr-capabilities' content='ocr_page ocr_carea ocr_par ocr_line ocrx_word'/>
</head>
<body>
  <div class='ocr_page' id='page_1' title='image "./eutropiisextaur01victgoog_0400.png"; bbox 0 0 1972 3624; ppageno 0'>
   <div class='ocr_carea' id='block_1_1' title="bbox 248 274 784 368">
    <p class='ocr_par' dir='ltr' id='par_1_1' title="bbox 248 274 784 368">
     <span class='ocr_line' id='line_1_1' title="bbox 248 274 784 368; baseline 0.011 -28"><span class='ocrx_word' id='word_1_1' title='bbox 248 274 640 345; x_wconf 60' lang='lat' dir='ltr'>fraenant-A.</span> <span class='ocrx_word' id='word_1_2' title='bbox 719 305 784 368; x_wconf 84' lang='lat'>379</span> 
     </span>
    </p>
   </div>
   <div class='ocr_carea' id='block_1_2' title="bbox 107 392 788 560">
    <p class='ocr_par' dir='ltr' id='par_1_2' title="bbox 107 392 788 560">
     <span class='ocr_line' id='line_1_2' title="bbox 107 392 788 477; baseline 0.013 -26"><span class='ocrx_word' id='word_1_3' title='bbox 107 406 172 452; x_wconf 86' lang='lat' dir='ltr'>tum</span> <span class='ocrx_word' id='word_1_4' title='bbox 191 392 320 465; x_wconf 81' lang='lat' dir='ltr'>ballatu,</span> <span class='ocrx_word' id='word_1_5' title='bbox 336 392 467 465; x_wconf 83' lang='lat' dir='ltr'>hinnitu,</span> <span class='ocrx_word' id='word_1_6' title='bbox 487 396 653 477; x_wconf 73' lang='lat' dir='ltr'>mugituque</span> <span class='ocrx_word' id='word_1_7' title='bbox 672 397 788 460; x_wconf 84' lang='lat' dir='ltr'>misera-</span> 
     </span>
     <span class='ocr_line' id='line_1_3' title="bbox 109 470 787 560; baseline 0.013 -29"><span class='ocrx_word' id='word_1_8' title='bbox 109 470 160 533; x_wconf 83' lang='lat' dir='ltr'>bili</span> <span class='ocrx_word' id='word_1_9' title='bbox 182 473 217 533; x_wconf 90' lang='lat' dir='ltr'>ad</span> <span class='ocrx_word' id='word_1_10' title='bbox 238 476 321 537; x_wconf 82' lang='lat' dir='ltr'>silvas</span> <span class='ocrx_word' id='word_1_11' title='bbox 343 497 508 557; x_wconf 80' lang='lat' dir='ltr'><strong>montesque</strong></span> <span class='ocrx_word' id='word_1_12' title='bbox 530 476 667 560; x_wconf 84' lang='lat' dir='ltr'>fugerant.</span> <span class='ocrx_word' id='word_1_13' title='bbox 690 479 787 540; x_wconf 84' lang='lat' dir='ltr'>Canes</span> 
     </span>
    </p>
   </div>
   <div class='ocr_carea' id='block_1_3' title="bbox 11 556 788 636">
    <p class='ocr_par' dir='ltr' id='par_1_3' title="bbox 11 556 788 636">
     <span class='ocr_line' id='line_1_4' title="bbox 11 556 788 636; baseline 0.014 -25"><span class='ocrx_word' id='word_1_14' title='bbox 11 601 18 611; x_wconf 89' lang='lat'><strong><em>.</em></strong></span> <span class='ocrx_word' id='word_1_15' title='bbox 109 575 243 635; x_wconf 83' lang='lat' dir='ltr'>quoque,</span> <span class='ocrx_word' id='word_1_16' title='bbox 258 577 379 636; x_wconf 89' lang='lat' dir='ltr'>quotum</span> <span class='ocrx_word' id='word_1_17' title='bbox 395 578 493 618; x_wconf 89' lang='lat' dir='ltr'>natura</span> <span class='ocrx_word' id='word_1_18' title='bbox 511 556 550 621; x_wconf 88' lang='lat' dir='ltr'>est</span> <span class='ocrx_word' id='word_1_19' title='bbox 565 579 640 620; x_wconf 82' lang='lat' dir='ltr'>extra</span> <span class='ocrx_word' id='word_1_20' title='bbox 658 557 788 622; x_wconf 88' lang='lat' dir='ltr'>homines</span> 
     </span>
    </p>
   </div>
   <div class='ocr_carea' id='block_1_4' title="bbox 108 632 791 1128">
    <p class='ocr_par' dir='ltr' id='par_1_4' title="bbox 108 632 791 1128">
     <span class='ocr_line' id='line_1_5' title="bbox 110 632 788 724; baseline 0.015 -32"><span class='ocrx_word' id='word_1_21' title='bbox 110 632 162 696; x_wconf 81' lang='lat' dir='ltr'>eise</span> <span class='ocrx_word' id='word_1_22' title='bbox 176 656 236 699; x_wconf 91' lang='lat' dir='ltr'>non</span> <span class='ocrx_word' id='word_1_23' title='bbox 252 634 346 715; x_wconf 84' lang='lat' dir='ltr'>poss&#39;e,</span> <span class='ocrx_word' id='word_1_24' title='bbox 360 639 516 701; x_wconf 80' lang='lat' dir='ltr'>lacrimosis</span> <span class='ocrx_word' id='word_1_25' title='bbox 534 641 686 701; x_wconf 87' lang='lat' dir='ltr'>ulutatibus</span> <span class='ocrx_word' id='word_1_26' title='bbox 700 645 788 724; x_wconf 84' lang='lat' dir='ltr'>vagi,</span> 
     </span>
     <span class='ocr_line' id='line_1_6' title="bbox 108 714 790 802; baseline 0.015 -29"><span class='ocrx_word' id='word_1_27' title='bbox 108 714 241 794; x_wconf 81' lang='lat' dir='ltr'>luporum</span> <span class='ocrx_word' id='word_1_28' title='bbox 261 720 339 789; x_wconf 86' lang='lat' dir='ltr'>ritu,</span> <span class='ocrx_word' id='word_1_29' title='bbox 355 719 526 779; x_wconf 56' lang='lat' dir='ltr'>oberrarunt.</span> <span class='ocrx_word' id='word_1_30' title='bbox 544 721 607 780; x_wconf 90' lang='lat' dir='ltr'>Nec</span> <span class='ocrx_word' id='word_1_31' title='bbox 628 720 711 784; x_wconf 64' lang='lat' dir='ltr'>mord</span> <span class='ocrx_word' id='word_1_32' title='bbox 728 721 790 802; x_wconf 88' lang='lat' dir='ltr'>post</span> 
     </span>
     <span class='ocr_line' id='line_1_7' title="bbox 109 792 791 884; baseline 0.015 -32"><span class='ocrx_word' id='word_1_33' title='bbox 109 792 169 854; x_wconf 88' lang='lat' dir='ltr'>haec</span> <span class='ocrx_word' id='word_1_34' title='bbox 182 816 242 856; x_wconf 83' lang='lat' dir='ltr'>tam</span> <span class='ocrx_word' id='word_1_35' title='bbox 260 802 357 882; x_wconf 84' lang='lat' dir='ltr'>gravia</span> <span class='ocrx_word' id='word_1_36' title='bbox 376 801 527 884; x_wconf 80' lang='lat' dir='ltr'>prodigia,</span> <span class='ocrx_word' id='word_1_37' title='bbox 546 802 639 875; x_wconf 84' lang='lat' dir='ltr'>civilia</span> <span class='ocrx_word' id='word_1_38' title='bbox 656 802 730 863; x_wconf 86' lang='lat' dir='ltr'>bella</span> <span class='ocrx_word' id='word_1_39' title='bbox 746 801 791 865; x_wconf 88' lang='lat' dir='ltr'>se-</span> 
     </span>
     <span class='ocr_line' id='line_1_8' title="bbox 111 877 790 963; baseline 0.016 -29"><span class='ocrx_word' id='word_1_40' title='bbox 111 896 174 937; x_wconf 89' lang='lat' dir='ltr'>tuta</span> <span class='ocrx_word' id='word_1_41' title='bbox 194 877 265 938; x_wconf 88' lang='lat' dir='ltr'>sunt.</span> <span class='ocrx_word' id='word_1_42' title='bbox 285 881 370 960; x_wconf 84' lang='lat' dir='ltr'><strong>Apud</strong></span> <span class='ocrx_word' id='word_1_43' title='bbox 386 882 497 942; x_wconf 86' lang='lat' dir='ltr'>Judaeos</span> <span class='ocrx_word' id='word_1_44' title='bbox 512 880 545 940; x_wconf 68' lang='lat' dir='ltr'>ed</span> <span class='ocrx_word' id='word_1_45' title='bbox 558 881 719 963; x_wconf 88' lang='lat' dir='ltr'>tempestate</span> <span class='ocrx_word' id='word_1_46' title='bbox 733 888 790 962; x_wconf 88' lang='lat' dir='ltr'>pri-</span> 
     </span>
     <span class='ocr_line' id='line_1_9' title="bbox 111 958 790 1044; baseline 0.016 -28"><span class='ocrx_word' id='word_1_47' title='bbox 111 972 173 1017; x_wconf 85' lang='lat' dir='ltr'>mus</span> <span class='ocrx_word' id='word_1_48' title='bbox 189 958 385 1033; x_wconf 80' lang='lat' dir='ltr'>Aristobulus,</span> <span class='ocrx_word' id='word_1_49' title='bbox 399 964 462 1022; x_wconf 85' lang='lat' dir='ltr'>Rex</span> <span class='ocrx_word' id='word_1_50' title='bbox 480 966 622 1044; x_wconf 87' lang='lat' dir='ltr'>pariter&amp;</span> <span class='ocrx_word' id='word_1_51' title='bbox 638 963 790 1037; x_wconf 87' lang='lat' dir='ltr'>Pontifex,</span> 
     </span>
     <span class='ocr_line' id='line_1_10' title="bbox 110 1038 547 1128; baseline 0.014 -29"><span class='ocrx_word' id='word_1_52' title='bbox 110 1038 277 1105; x_wconf 81' lang='lat' dir='ltr'>diadematis</span> <span class='ocrx_word' id='word_1_53' title='bbox 295 1042 413 1124; x_wconf 89' lang='lat' dir='ltr'>sumpsit</span> <span class='ocrx_word' id='word_1_54' title='bbox 429 1046 547 1128; x_wconf 82' lang='lat' dir='ltr'>insigne.</span> 
     </span>
    </p>
   </div>
   <div class='ocr_carea' id='block_1_5' title="bbox 110 1169 792 1408">
    <p class='ocr_par' dir='ltr' id='par_1_5' title="bbox 110 1169 792 1408">
     <span class='ocr_line' id='line_1_11' title="bbox 118 1169 792 1255; baseline 0.007 -26"><span class='ocrx_word' id='word_1_55' title='bbox 118 1230 122 1237; x_wconf 60' lang='grc'>,</span> <span class='ocrx_word' id='word_1_56' title='bbox 171 1169 236 1251; x_wconf 76' lang='lat' dir='ltr'>Post</span> <span class='ocrx_word' id='word_1_57' title='bbox 252 1169 335 1231; x_wconf 76' lang='lat' dir='ltr'>verba</span> <span class='ocrx_word' id='word_1_58' title='bbox 349 1194 360 1230; x_wconf 87' lang='lat'>.·</span> <span class='ocrx_word' id='word_1_59' title='bbox 375 1190 487 1233; x_wconf 83' lang='lat' dir='ltr'>centum</span> <span class='ocrx_word' id='word_1_60' title='bbox 506 1179 533 1231; x_wconf 77' lang='grc' dir='ltr'>δι</span> <span class='ocrx_word' id='word_1_61' title='bbox 549 1172 653 1253; x_wconf 81' lang='lat' dir='ltr'>viginti</span> <span class='ocrx_word' id='word_1_62' title='bbox 672 1190 792 1255; x_wconf 86' lang='lat' dir='ltr'>quatuor</span> 
     </span>
     <span class='ocr_line' id='line_1_12' title="bbox 110 1242 792 1331; baseline 0.009 -23"><span class='ocrx_word' id='word_1_63' title='bbox 110 1242 224 1309; x_wconf 85' lang='lat' dir='ltr'>suornm</span> <span class='ocrx_word' id='word_1_64' title='bbox 241 1254 361 1323; x_wconf 84' lang='lat' dir='ltr'>amisit,</span> <span class='ocrx_word' id='word_1_65' title='bbox 384 1255 448 1326; x_wconf 83' lang='lat' dir='ltr'>Cap.</span> <span class='ocrx_word' id='word_1_66' title='bbox 474 1273 531 1312; x_wconf 79' lang='lat' dir='ltr'>ru.</span> <span class='ocrx_word' id='word_1_67' title='bbox 551 1275 614 1331; x_wconf 81' lang='lat' dir='ltr'>pag.</span> <span class='ocrx_word' id='word_1_68' title='bbox 639 1264 688 1315; x_wconf 73' lang='lat'>60,</span> <span class='ocrx_word' id='word_1_69' title='bbox 712 1253 792 1331; x_wconf 82' lang='lat' dir='ltr'>usque</span> 
     </span>
     <span class='ocr_line' id='line_1_13' title="bbox 110 1331 790 1408; baseline 0.012 -18"><span class='ocrx_word' id='word_1_70' title='bbox 110 1334 149 1390; x_wconf 79' lang='lat' dir='ltr'>ad</span> <span class='ocrx_word' id='word_1_71' title='bbox 155 1332 237 1393; x_wconf 76' lang='lat' dir='ltr'>verba</span> <span class='ocrx_word' id='word_1_72' title='bbox 246 1357 257 1392; x_wconf 85' lang='lat'>.·</span> <span class='ocrx_word' id='word_1_73' title='bbox 267 1334 393 1395; x_wconf 88' lang='lat' dir='ltr'>Marium</span> <span class='ocrx_word' id='word_1_74' title='bbox 403 1379 412 1403; x_wconf 91' lang='lat'>,</span> <span class='ocrx_word' id='word_1_75' title='bbox 421 1332 511 1395; x_wconf 84' lang='lat' dir='ltr'>Marii</span> <span class='ocrx_word' id='word_1_76' title='bbox 518 1331 625 1405; x_wconf 82' lang='lat' dir='ltr'>filium,</span> <span class='ocrx_word' id='word_1_77' title='bbox 641 1336 704 1408; x_wconf 83' lang='lat' dir='ltr'>Cap.</span> <span class='ocrx_word' id='word_1_78' title='bbox 715 1355 790 1398; x_wconf 70' lang='lat' dir='ltr'>tarr.</span> 
     </span>
    </p>
   </div>
   <div class='ocr_carea' id='block_1_6' title="bbox 103 1412 591 1493">
    <p class='ocr_par' dir='ltr' id='par_1_6' title="bbox 103 1412 591 1493">
     <span class='ocr_line' id='line_1_14' title="bbox 103 1412 591 1493; baseline 0.02 -25"><span class='ocrx_word' id='word_1_79' title='bbox 103 1432 169 1491; x_wconf 77' lang='lat' dir='ltr'>pag,</span> <span class='ocrx_word' id='word_1_80' title='bbox 188 1423 236 1472; x_wconf 78' lang='lat'>60.</span> <span class='ocrx_word' id='word_1_81' title='bbox 250 1414 391 1492; x_wconf 66' lang='lat' dir='ltr'>fiquenrr‘a</span> <span class='ocrx_word' id='word_1_82' title='bbox 403 1414 505 1493; x_wconf 81' lang='lat' dir='ltr'>inserta</span> <span class='ocrx_word' id='word_1_83' title='bbox 513 1412 591 1491; x_wconf 77' lang='lat' dir='ltr'>sunt.</span> 
     </span>
    </p>
   </div>
   <div class='ocr_carea' id='block_1_7' title="bbox 111 1538 799 2671">
    <p class='ocr_par' dir='ltr' id='par_1_7' title="bbox 111 1538 799 2671">
     <span class='ocr_line' id='line_1_15' title="bbox 152 1538 793 1621; baseline 0.009 -22"><span class='ocrx_word' id='word_1_84' title='bbox 152 1538 230 1620; x_wconf 84' lang='lat' dir='ltr'>Sylla</span> <span class='ocrx_word' id='word_1_85' title='bbox 252 1539 353 1599; x_wconf 89' lang='lat' dir='ltr'>deinde</span> <span class='ocrx_word' id='word_1_86' title='bbox 377 1562 440 1601; x_wconf 89' lang='lat' dir='ltr'>cum</span> <span class='ocrx_word' id='word_1_87' title='bbox 464 1539 626 1621; x_wconf 60' lang='lat' dir='ltr'>Campani&amp;</span> <span class='ocrx_word' id='word_1_88' title='bbox 648 1541 793 1604; x_wconf 77' lang='lat' dir='ltr'>Sanitium</span> 
     </span>
     <span class='ocr_line' id='line_1_16' title="bbox 112 1617 792 1703; baseline 0.009 -25"><span class='ocrx_word' id='word_1_89' title='bbox 112 1617 182 1679; x_wconf 82' lang='lat' dir='ltr'>duce</span> <span class='ocrx_word' id='word_1_90' title='bbox 206 1630 234 1680; x_wconf 91' lang='lat'>&amp;</span> <span class='ocrx_word' id='word_1_91' title='bbox 249 1622 364 1703; x_wconf 78' lang='lat' dir='ltr'>reliquis</span> <span class='ocrx_word' id='word_1_92' title='bbox 377 1623 477 1702; x_wconf 84' lang='lat' dir='ltr'>&#39;copiis</span> <span class='ocrx_word' id='word_1_93' title='bbox 497 1622 533 1682; x_wconf 86' lang='lat' dir='ltr'>ad</span> <span class='ocrx_word' id='word_1_94' title='bbox 557 1641 667 1702; x_wconf 88' lang='lat' dir='ltr'>portam</span> <span class='ocrx_word' id='word_1_95' title='bbox 692 1622 792 1684; x_wconf 81' lang='lat' dir='ltr'>Colli-</span> 
     </span>
     <span class='ocr_line' id='line_1_17' title="bbox 111 1701 799 1785; baseline 0.004 -25"><span class='ocrx_word' id='word_1_96' title='bbox 111 1720 180 1763; x_wconf 88' lang='lat' dir='ltr'>nam</span> <span class='ocrx_word' id='word_1_97' title='bbox 200 1704 441 1785; x_wconf 72' lang='lat' dir='ltr'>signa-contulit,</span> <span class='ocrx_word' id='word_1_98' title='bbox 475 1702 555 1769; x_wconf 67' lang='grc' dir='ltr'>[ΞΞΞ</span> <span class='ocrx_word' id='word_1_99' title='bbox 575 1701 725 1763; x_wconf 89' lang='lat' dir='ltr'>hominum</span> <span class='ocrx_word' id='word_1_100' title='bbox 742 1702 799 1763; x_wconf 54' lang='lat' dir='ltr'>ocss</span> 
     </span>
     <span class='ocr_line' id='line_1_18' title="bbox 113 1781 795 1854; baseline 0.009 -14"><span class='ocrx_word' id='word_1_101' title='bbox 113 1781 211 1854; x_wconf 86' lang='lat' dir='ltr'>cidit3</span> <span class='ocrx_word' id='word_1_102' title='bbox 236 1806 304 1843; x_wconf 77' lang='lat' dir='ltr'>mor</span> <span class='ocrx_word' id='word_1_103' title='bbox 331 1787 417 1844; x_wconf 87' lang='lat' dir='ltr'>etiam</span> <span class='ocrx_word' id='word_1_104' title='bbox 445 1786 555 1846; x_wconf 85' lang='lat' dir='ltr'>Urbem</span> <span class='ocrx_word' id='word_1_105' title='bbox 583 1787 612 1844; x_wconf 90' lang='lat' dir='ltr'>in</span> <span class='ocrx_word' id='word_1_106' title='bbox 635 1782 717 1845; x_wconf 82' lang='lat' dir='ltr'>teisus</span> <span class='ocrx_word' id='word_1_107' title='bbox 740 1789 795 1847; x_wconf 84' lang='lat' dir='ltr'>tria</span> 
     </span>
     <span class='ocr_line' id='line_1_19' title="bbox 113 1806 793 1928; baseline 0.003 -5"><span class='ocrx_word' id='word_1_108' title='bbox 113 1865 204 1923; x_wconf 84' lang='lat' dir='ltr'>miliia</span> <span class='ocrx_word' id='word_1_109' title='bbox 223 1862 374 1925; x_wconf 86' lang='lat' dir='ltr'>hominum</span> <span class='ocrx_word' id='word_1_110' title='bbox 392 1885 488 1924; x_wconf 84' lang='lat' dir='ltr'>contra</span> <span class='ocrx_word' id='word_1_111' title='bbox 504 1864 590 1925; x_wconf 85' lang='lat' dir='ltr'>fidem</span> <span class='ocrx_word' id='word_1_112' title='bbox 604 1806 700 1928; x_wconf 68' lang='lat' dir='ltr'>&lt;iatam</span> <span class='ocrx_word' id='word_1_113' title='bbox 714 1868 793 1925; x_wconf 85' lang='lat' dir='ltr'>iner-</span> 
     </span>
     <span class='ocr_line' id='line_1_20' title="bbox 114 1943 796 2029; baseline 0.007 -27"><span class='ocrx_word' id='word_1_114' title='bbox 114 1964 175 2003; x_wconf 90' lang='lat' dir='ltr'>mes</span> <span class='ocrx_word' id='word_1_115' title='bbox 203 1948 327 2023; x_wconf 83' lang='lat' dir='ltr'>peremit.</span> <span class='ocrx_word' id='word_1_116' title='bbox 355 1943 488 2028; x_wconf 85' lang='lat' dir='ltr'>Cquue</span> <span class='ocrx_word' id='word_1_117' title='bbox 510 1945 615 2029; x_wconf 72' lang='lat' dir='ltr'>magnai</span> <span class='ocrx_word' id='word_1_118' title='bbox 634 1946 796 2007; x_wconf 83' lang='lat' dir='ltr'>crudelitate</span> 
     </span>
     <span class='ocr_line' id='line_1_21' title="bbox 114 2024 796 2110; baseline 0.003 -24"><span class='ocrx_word' id='word_1_119' title='bbox 114 2024 245 2087; x_wconf 84' lang='lat' dir='ltr'>adversds</span> <span class='ocrx_word' id='word_1_120' title='bbox 260 2026 352 2087; x_wconf 87' lang='lat' dir='ltr'>sontes</span> <span class='ocrx_word' id='word_1_121' title='bbox 366 2025 545 2110; x_wconf 88' lang='lat' dir='ltr'>insontesque</span> <span class='ocrx_word' id='word_1_122' title='bbox 560 2028 685 2098; x_wconf 82' lang='lat' dir='ltr'>saeviret,</span> <span class='ocrx_word' id='word_1_123' title='bbox 700 2027 796 2105; x_wconf 87' lang='lat' dir='ltr'>Quin·</span> 
     </span>
     <span class='ocr_line' id='line_1_22' title="bbox 114 2107 796 2191; baseline -0.001 -22"><span class='ocrx_word' id='word_1_124' title='bbox 114 2124 158 2169; x_wconf 90' lang='lat' dir='ltr'>tus</span> <span class='ocrx_word' id='word_1_125' title='bbox 177 2107 297 2168; x_wconf 88' lang='lat' dir='ltr'>Catulus</span> <span class='ocrx_word' id='word_1_126' title='bbox 312 2107 406 2188; x_wconf 72' lang='lat' dir='ltr'>palium</span> <span class='ocrx_word' id='word_1_127' title='bbox 420 2109 503 2191; x_wconf 80' lang='lat' dir='ltr'>Syssae</span> <span class='ocrx_word' id='word_1_128' title='bbox 519 2108 610 2168; x_wconf 84' lang='lat' dir='ltr'>dixit:</span> <span class='ocrx_word' id='word_1_129' title='bbox 625 2112 687 2168; x_wconf 84' lang='lat' dir='ltr'>Cum</span> <span class='ocrx_word' id='word_1_130' title='bbox 701 2108 796 2186; x_wconf 77' lang='lat' dir='ltr'>quibus</span> 
     </span>
     <span class='ocr_line' id='line_1_23' title="bbox 114 2190 797 2260; baseline 0.006 -13"><span class='ocrx_word' id='word_1_131' title='bbox 114 2191 224 2247; x_wconf 81' lang='lat' dir='ltr'>tandem</span> <span class='ocrx_word' id='word_1_132' title='bbox 239 2191 341 2251; x_wconf 61' lang='lat' dir='ltr'>victuri</span> <span class='ocrx_word' id='word_1_133' title='bbox 356 2193 466 2260; x_wconf 78' lang='lat' dir='ltr'>simus,</span> <span class='ocrx_word' id='word_1_134' title='bbox 487 2193 516 2251; x_wconf 84' lang='lat' dir='ltr'>sr&#39;</span> <span class='ocrx_word' id='word_1_135' title='bbox 536 2192 572 2257; x_wconf 74' lang='lat' dir='ltr'>‚in</span> <span class='ocrx_word' id='word_1_136' title='bbox 585 2190 655 2253; x_wconf 83' lang='lat' dir='ltr'>bello</span> <span class='ocrx_word' id='word_1_137' title='bbox 675 2209 797 2251; x_wconf 81' lang='lat' dir='ltr'>armatos</span> 
     </span>
     <span class='ocr_line' id='line_1_24' title="bbox 116 2267 796 2351; baseline 0.006 -26"><span class='ocrx_word' id='word_1_138' title='bbox 116 2269 148 2326; x_wconf 84' lang='lat' dir='ltr'>in</span> <span class='ocrx_word' id='word_1_139' title='bbox 169 2292 236 2344; x_wconf 82' lang='lat' dir='ltr'>pace</span> <span class='ocrx_word' id='word_1_140' title='bbox 264 2271 380 2331; x_wconf 80' lang='lat' dir='ltr'>inermes</span> <span class='ocrx_word' id='word_1_141' title='bbox 406 2273 562 2335; x_wconf 68' lang='lat' dir='ltr'>occidimza.</span> <span class='ocrx_word' id='word_1_142' title='bbox 591 2269 668 2351; x_wconf 75' lang='lat' dir='ltr'>Sylla</span> <span class='ocrx_word' id='word_1_143' title='bbox 694 2267 796 2329; x_wconf 87' lang='lat' dir='ltr'>dehinc</span> 
     </span>
     <span class='ocr_line' id='line_1_25' title="bbox 114 2350 797 2433; baseline 0.003 -25"><span class='ocrx_word' id='word_1_144' title='bbox 114 2350 217 2409; x_wconf 89' lang='lat' dir='ltr'>Marco</span> <span class='ocrx_word' id='word_1_145' title='bbox 236 2351 365 2411; x_wconf 86' lang='lat' dir='ltr'>Marium</span> <span class='ocrx_word' id='word_1_146' title='bbox 387 2353 422 2419; x_wconf 79' lang='lat' dir='ltr'>de</span> <span class='ocrx_word' id='word_1_147' title='bbox 443 2354 544 2433; x_wconf 67' lang='lat' dir='ltr'>caprili</span> <span class='ocrx_word' id='word_1_148' title='bbox 561 2350 624 2410; x_wconf 68' lang='lat' dir='ltr'>tasi</span> <span class='ocrx_word' id='word_1_149' title='bbox 642 2354 797 2410; x_wconf 62' lang='lat' dir='ltr'>extractum</span> 
     </span>
     <span class='ocr_line' id='line_1_26' title="bbox 115 2431 796 2531; baseline -0.001 -42"><span class='ocrx_word' id='word_1_150' title='bbox 115 2432 219 2490; x_wconf 78' lang='lat' dir='ltr'>vinciri</span> <span class='ocrx_word' id='word_1_151' title='bbox 234 2433 333 2510; x_wconf 86' lang='lat' dir='ltr'>jussit,</span> <span class='ocrx_word' id='word_1_152' title='bbox 353 2433 522 2531; x_wconf 56' lang='lat' dir='ltr'>dudumque</span> <span class='ocrx_word' id='word_1_153' title='bbox 547 2451 621 2492; x_wconf 83' lang='lat' dir='ltr'>trans</span> <span class='ocrx_word' id='word_1_154' title='bbox 640 2431 796 2503; x_wconf 85' lang='lat' dir='ltr'>Tiberim,</span> 
     </span>
     <span class='ocr_line' id='line_1_27' title="bbox 116 2509 798 2583; baseline 0.012 -13"><span class='ocrx_word' id='word_1_155' title='bbox 116 2509 224 2572; x_wconf 86' lang='lat' dir='ltr'>effossis</span> <span class='ocrx_word' id='word_1_156' title='bbox 238 2513 346 2583; x_wconf 88' lang='lat' dir='ltr'>oculis,</span> <span class='ocrx_word' id='word_1_157' title='bbox 361 2514 494 2575; x_wconf 81' lang='lat' dir='ltr'>membris</span> <span class='ocrx_word' id='word_1_158' title='bbox 505 2515 667 2577; x_wconf 84' lang='lat' dir='ltr'>minutatim</span> <span class='ocrx_word' id='word_1_159' title='bbox 682 2509 798 2577; x_wconf 73' lang='lat' dir='ltr'>exsestis</span> 
     </span>
     <span class='ocr_line' id='line_1_28' title="bbox 115 2591 454 2671; baseline 0.006 -17"><span class='ocrx_word' id='word_1_160' title='bbox 115 2594 162 2654; x_wconf 79' lang='lat' dir='ltr'>vel</span> <span class='ocrx_word' id='word_1_161' title='bbox 180 2591 277 2656; x_wconf 66' lang='lat' dir='ltr'>fratris</span> <span class='ocrx_word' id='word_1_162' title='bbox 284 2639 297 2671; x_wconf 87' lang='lat'><em>,</em></span> <span class='ocrx_word' id='word_1_163' title='bbox 314 2595 454 2660; x_wconf 85' lang='lat' dir='ltr'>trucidati.</span> 
     </span>
    </p>
   </div>
   <div class='ocr_carea' id='block_1_8' title="bbox 116 2720 798 2885">
    <p class='ocr_par' dir='ltr' id='par_1_8' title="bbox 116 2720 798 2885">
     <span class='ocr_line' id='line_1_29' title="bbox 149 2720 798 2802; baseline 0 -17"><span class='ocrx_word' id='word_1_164' title='bbox 149 2767 151 2771; x_wconf 29' lang='grc' dir='ltr'><em>ψ</em></span> <span class='ocrx_word' id='word_1_165' title='bbox 179 2725 274 2786; x_wconf 82' lang='lat' dir='ltr'>Pauca</span> <span class='ocrx_word' id='word_1_166' title='bbox 289 2722 384 2783; x_wconf 83' lang='lat' dir='ltr'>horum</span> <span class='ocrx_word' id='word_1_167' title='bbox 396 2723 511 2802; x_wconf 71' lang='lat' dir='ltr'>vesligia</span> <span class='ocrx_word' id='word_1_168' title='bbox 526 2739 622 2785; x_wconf 81' lang='lat' dir='ltr'>extant</span> <span class='ocrx_word' id='word_1_169' title='bbox 637 2720 798 2785; x_wconf 65' lang='lat' dir='ltr'>intuitione</span> 
     </span>
     <span class='ocr_line' id='line_1_30' title="bbox 116 2806 451 2885; baseline -0.009 -15"><span class='ocrx_word' id='word_1_170' title='bbox 116 2806 306 2882; x_wconf 70' lang='lat' dir='ltr'>interpolant,</span> <span class='ocrx_word' id='word_1_171' title='bbox 317 2826 382 2885; x_wconf 75' lang='lat' dir='ltr'>pag.</span> <span class='ocrx_word' id='word_1_172' title='bbox 404 2813 451 2866; x_wconf 78' lang='lat'>6⁶.</span> 
     </span>
    </p>
   </div>
   <div class='ocr_carea' id='block_1_9' title="bbox 0 0 1007 3624">
    <p class='ocr_par' dir='ltr' id='par_1_9' title="bbox 0 0 1007 3624">
     <span class='ocr_line' id='line_1_31' title="bbox 0 0 1007 3624; baseline 0 0"><span class='ocrx_word' id='word_1_173' title='bbox 0 0 1007 3624; x_wconf 95' lang='lat' dir='ltr'> </span> 
     </span>
    </p>
   </div>
  </div>
 </body>
</html>
