1972 3624
224 263 288 348 318
349 258 472 329 Anu.
502 261 778 332 Vrcronrs

221 378 287 439 dem
306 380 513 460 ingeminatis,
537 379 573 439 ad
593 383 673 440 vocis
694 379 780 462 usque
801 381 899 443 desec-
969 400 970 451 ξ

222 479 282 518 tum
296 505 308 529 ,
331 460 494 538 plausibus,
518 462 705 521 acclamatum
721 461 784 532 est,
809 464 898 524 Perti-

221 562 290 613 nare
310 541 465 619 imperante
482 539 570 600 securi
589 544 736 613 viximus,
759 546 899 604 neminem
969 550 970 621 l

224 623 393 691 timuimus,
411 623 483 702 patri
499 623 569 701 pio,
587 625 661 702 parri
673 622 813 696 Senatlrs,
833 627 901 706 patri

222 704 352 763 omnium
368 702 518 762 bonorum.
969 706 970 787 l

262 781 345 845 XIX.
369 782 472 843 Didius
483 783 610 845 Julianus
626 803 689 844 ortu
702 785 900 847 Mediolanen·
969 812 970 863 p

224 863 284 933 tis,
306 866 453 944 imperavit
469 865 611 924 mensibus
631 862 749 944 septem.
771 868 827 927 Vir
844 889 899 931 nu·
969 866 970 923 l

223 942 311 1012 bilis,
336 948 402 1022 juris
422 945 626 1024 peritissimus,
648 944 805 1019 sacliosus,
827 968 899 1027 prat·

224 1044 314 1103 ceps,
337 1026 418 1108 regni
438 1024 546 1086 avidus.
572 1025 640 1085 Hoc
661 1045 789 1107 tempore
816 1028 901 1110 Niger
969 1060 970 1105 3

224 1102 391 1167 Pescennius
411 1104 485 1187 apud
502 1103 712 1178 Antiochiam,
734 1111 766 1167 in
786 1109 899 1168 Panno-
969 1110 970 1167 i

225 1188 277 1245 niae
298 1184 416 1247 Sabarid
435 1186 587 1266 Septimius
614 1185 757 1259 Severus,
780 1208 901 1249 creantur
969 1176 970 1201 ¹

224 1264 354 1349 Augusti.
377 1266 424 1327 Ab
452 1263 507 1327 hoc
533 1268 638 1329 Severo
659 1269 785 1329 Julianus
804 1274 834 1329 in
853 1270 900 1328 ab·

226 1347 297 1425 ditas
315 1347 412 1431 palatii
424 1347 541 1407 balneas
558 1348 676 1420 dumus,
698 1350 813 1411 extent&
830 1351 902 1413 dam·

226 1447 357 1489 natorum
384 1427 473 1489 modo
499 1432 628 1499 cervice,
651 1429 831 1502 decollatur,
854 1452 900 1491 ca·
969 1450 970 1477 ³

226 1528 331 1647 puppue
351 1514 410 1587 ejus
428 1511 458 1569 in
477 1507 570 1570 rostris
591 1513 711 1590 ponitur.
745 1506 748 1510 ’
969 1496 970 1555 l

302 1588 339 1648 X.
361 1589 513 1670 Septimius
526 1591 642 1651 Severus
655 1593 808 1671 imperavit
820 1613 902 1652 annos
969 1592 970 1625 ³

229 1667 327 1729 decem
344 1678 372 1728 ὃ(
385 1673 461 1731 osso.
477 1669 534 1731 Hic
548 1669 733 1733 Pescennium
750 1676 901 1742 interemit,
969 1684 970 1689 ’

228 1746 378 1813 hominem
402 1754 534 1812 omnium
553 1752 767 1832 turpitudinum.
793 1754 851 1815 Sub
871 1772 902 1811 eo
969 1776 970 1783 ¹

202 1868 206 1871 -
229 1833 316 1893 etiam
331 1831 452 1893 Albinus
466 1878 475 1905 ,
497 1837 548 1913 qui
563 1836 594 1893 in
608 1831 704 1895 Gallis
724 1832 753 1892 se
767 1832 902 1894 Caesarem
969 1836 970 1909 ζ

229 1911 356 1984 fecerat,
380 1913 454 1993 apud
481 1913 652 1996 Lugdunum
678 1914 827 1975 occiditur.
852 1915 903 1975 Hic

230 1993 346 2054 Severus
378 1992 453 2055 filios
475 1992 539 2054 suos
573 1992 739 2055 successores
769 1996 902 2076 reliquit,

230 2075 391 2135 Bassianum
419 2084 446 2135 &
471 2076 585 2136 Getam.
620 2076 677 2135 Hic
708 2077 738 2135 in
768 2073 904 2137 Britannis
969 2122 970 2143 ,

230 2154 338 2214 vallum
358 2176 405 2235 per
421 2158 536 2238 triginta
553 2156 610 2215 duo
629 2152 755 2235 passuum
780 2157 868 2216 millia
888 2153 903 2213 *a
969 2196 970 2199 η

231 2237 304 2295 mari
323 2233 359 2293 ad
373 2257 449 2294 mare
462 2236 584 2296 deduxit.
605 2237 669 2295 Fuit
683 2237 904 2297 bellicosissimus

232 2317 385 2387 omnium,
404 2318 454 2396 qui
473 2336 538 2379 ante
557 2338 621 2377 eum
638 2316 759 2379 fuerunt.
778 2319 852 2377 Acer
859 2318 905 2381 in·
969 2336 970 2341 ¹

233 2400 318 2479 genio
333 2442 343 2468 ,
362 2396 399 2456 ad
416 2402 512 2459 omnia
529 2419 590 2478 quae
605 2394 763 2459 intendisset
778 2400 809 2458 in
826 2396 905 2456 finem
969 2420 970 2425 ¹

233 2476 626 2558 perseveransBenevolentid
638 2524 647 2548 ,
661 2476 720 2559 qud)
732 2477 760 2537 se
774 2474 904 2538 inclinis·
969 2490 970 2493 ’

141 2621 144 2632 ‚
234 2556 296 2630 set,
318 2559 441 2619 mirabili
456 2581 488 2618 ac
508 2557 648 2638 perpetuis.
668 2558 716 2619 Ad
733 2558 905 2640 quaerendum

235 2638 377 2722 diligens,
402 2639 438 2701 ad
451 2640 626 2721 largiendum
640 2640 772 2703 liberalis.
789 2641 822 2700 ln
839 2640 906 2698 ami-

235 2739 283 2778 cos
302 2718 488 2802 inimicosque
501 2723 601 2800 pariter
617 2718 791 2791 vehemens,
811 2722 906 2801 quippe
969 2752 970 2785 3

234 2801 284 2881 qui
311 2800 506 2873 Lateranum,
539 2800 703 2874 Cilonem,
731 2801 906 2869 annuum,
969 2794 970 2845 l
