2056 3628
147 245 252 357 '‘1'6
374 240 687 322 Eurn'orr'r
790 293 793 299 ·

204 368 335 451 aceepit,
359 368 562 452 Romanosque
589 369 657 452 saepb
679 373 757 432 vicit.
781 363 884 461 Usque

107 513 108 516 ,
203 453 241 514 ad
257 454 387 534 quintum
403 452 565 512 milliarium
581 454 668 514 Urbis
685 455 819 526 accessit,
832 475 884 533 op-

205 552 376 617 pugnaturus
401 536 488 593 etium
511 535 630 614 patriam
643 580 656 604 ,
681 534 808 616 legatis‚·
833 532 886 616 qui

183 635 311 695 patent·
323 614 478 693 petebant,
500 614 670 694 repudiatis,
691 618 746 676 nisi
762 614 798 675 ad
817 628 885 693 euni

206 710 297 754 mater
315 690 433 756 Veturia
450 705 476 756 &
492 708 562 755 uxor
577 697 736 756 Volumnia
756 718 789 767 ex
803 696 886 757 Urbe'
922 710 927 717 ·

175 830 177 833 ,
207 773 342 836 venissent
364 799 371 833 r
395 792 513 858 quatum
543 779 608 836 fletu
637 787 664 838 &
690 777 886 858 deprecatione

207 855 373 937 superatus,
399 860 520 917 removit
539 861 698 919 exercitum.
720 862 813 940 Atque
838 855 886 916 hie

207 936 343 1000 secundus
369 937 430 1019 post
447 931 635 1019 Tarquinium
654 929 732 1013 fuit,
756 941 806 1022 qui
830 938 889 999 dux

208 1034 307 1081 centra
327 1015 445 1101 patriam
465 1018 544 1080 suant
562 1017 635 1082 effet.

250 1095 344 1163 XVI.
366 1101 487 1164 Caesoue
504 1103 595 1161 Fabio
616 1112 643 1163 &
661 1103 732 1163 Tito
752 1096 891 1185 Virginio
976 1058 979 1062 λ
1027 1133 1028 1140 1

211 1180 412 1265 Consulibus,
441 1186 556 1243 trecenti
587 1185 696 1245 nobiles
729 1182 891 1254 homines,

210 1264 261 1344 qui
282 1285 316 1323 ex
337 1264 426 1325 Fabia
445 1263 556 1324 furnilib
582 1279 681 1337 erant,
707 1278 803 1325 t'ontra
822 1265 891 1324 Ve⁴

211 1349 299 1424 jentes
317 1346 423 1405 bellum
442 1343 496 1405 soii
510 1343 708 1426 susceperunt,
722 1349 893 1426 vpromitten⁴

211 1443 254 1486 tes
271 1426 387 1486 Senatui
407 1419 560 1506 &Populo
577 1448 625 1506 per
642 1425 670 1487 se
690 1449 776 1487 omne
797 1447 891 1487 certa-

212 1526 281 1567 rnen
307 1502 491 1588 implendum.
518 1506 618 1587 Itaque
649 1507 768 1586 profesti
792 1526 895 1577 omnes

214 1582 349 1660 nobilest
371 1588 463 1668 &qui
481 1588 771 1670 singuli‘magnonrrn
789 1592 896 1650 exerti-

215 1685 295 1729 tuum
313 1668 395 1728 duces
407 1665 461 1727 effe
480 1667 634 1739 deberent,
657 1671 687 1728 in
700 1669 800 1749 proelio
818 1693 894 1731 con-

214 1749 350 1809 ciderunt.
364 1750 450 1811 Unus
467 1746 587 1808 omnini)
607 1747 742 1830 superfuit
764 1766 798 1810 ex
815 1749 897 1812 tanti

216 1824 350 1901 fartilib,
372 1832 421 1911 qui
434 1844 544 1910 propter
559 1843 670 1891 ae‘tatem
684 1833 817 1911 puerilem
832 1834 898 1893 duci

218 1934 277 1972 non
295 1931 424 1991 potuerat
437 1901 474 1971 ari
489 1932 624 1991 pugnam.
643 1910 709 1971 Post
727 1911 784 1974 haec
800 1912 899 1975 census

218 1997 250 2054 in
272 1993 351 2054 Urbe
371 1991 481 2053 habitus
506 1983 565 2065 est,
584 2001 612 2052 δι’
635 1994 749 2055 inventa
769 1991 832 2055 sunt
852 1992 899 2053 ci‘-

219 2077 299 2136 vium
318 2075 442 2152 capitum
460 2092 550 2133 cxix.
573 2074 663 2148 miliia
680 2091 810 2136 cccxix.
903 2114 905 2122 ι

209 2186 214 2194 ·
261 2154 376 2215 XVII.
400 2153 533 2234 Sequenti
549 2170 648 2226 anno,
669 2153 733 2214 crim
747 2158 778 2215 in
791 2155 900 2240 Algido

221 2254 343 2306 monte,
368 2233 406 2293 ab
425 2235 505 2296 Urbe
527 2234 695 2295 duodecimo
718 2228 806 2296 fenne
827 2235 899 2296 mil'-

221 2318 323 2388 liario,
337 2315 485 2377 Romanus
497 2316 668 2377 obsideretur
680 2321 829 2388 exercitus,
845 2319 902 2376 Lu·

223 2401 283 2458 cius
303 2398 436 2477 Quintius
456 2397 784 2459 CincinnatusDi&ator
800 2396 839 2456 est
857 2397 905 2458 fu-

222 2483 283 2539 stus
306 2501 313 2539 r
334 2480 385 2560 qui
402 2495 502 2621 aprum
521 2494 642 2560 quatuor
657 2484 786 2563 jugerum
807 2482 902 2579 possi-

130 2598 140 2607 ·
223 2560 319 2632 dens,
340 2562 418 2621 mani
439 2582 470 2622 us
492 2560 547 2621 suis
567 2560 686 2619 colebat.
712 2560 762 2631 Is,
786 2574 850 2620 turn
870 2558 903 2622 in

224 2649 354 2720 opere&
374 2662 455 2702 arans
471 2640 535 2702 esset
554 2643 705 2711 inventus,
728 2639 827 2702 sudore
846 2641 902 2717 de,-

225 2720 324 2790 terso,
343 2740 441 2816 togam
456 2739 615 2803 praetextam
635 2724 765 2805 accepit,
787 2731 814 2784 &
828 2724 906 2785 caesis

226 2800 352 2863 hostibus
366 2803 497 2868 liberavit
516 2805 676 2865 exercitum.
