1972 3624
186 291 253 342 oe
282 275 613 344 CAEsAntnus.
665 277 729 364 285

58 393 99 451 tio
111 395 241 472 quaesitos
260 414 359 474 pueros
372 392 559 464 venustiores,
579 388 657 472 quod
676 393 737 453 cul*

60 475 113 532 tius
139 471 295 546 habuerat,
317 473 434 534 libidine
457 472 619 554 hujusmodi
644 470 738 533 atsiss'e

61 573 110 633 pro
129 573 204 614 certo
226 552 352 614 habetur.
378 555 450 631 Quae
468 575 564 614 tamen
586 557 655 614 vitia
676 557 737 613 uti-

61 656 128 694 nam
147 632 317 701 mansissent.
339 635 474 715 Namque
493 635 677 717 Magnentii,
699 654 741 694 ut·

63 734 127 795 pote
148 717 240 798 gentis
260 716 408 786 Barbarae,
432 715 493 774 diro
516 736 632 795 atroque
653 720 739 798 inge-

63 797 133 866 nio,
157 796 241 856 simul
263 793 307 855 his
329 817 390 877 quae
415 793 476 876 post
501 795 646 866 accidere,
669 795 742 857 adeo

65 875 198 936 exstincta
218 878 316 936 omnia
340 874 424 947 sunt,
450 875 571 936 utillud
594 879 743 956 imperium
779 924 785 933 .

65 954 141 1016 haud
161 955 263 1035 injurii
276 957 484 1017 desideraretur.
498 956 575 1016 Tum
596 961 664 1039 quia
675 959 742 1017 Ve-

67 1040 159 1097 tranio
179 1037 334 1097 litterarum
355 1035 463 1117 prorsus
482 1058 593 1117 expers,
616 1048 642 1099 &
662 1041 745 1121 inge-

65 1120 116 1178 nio
139 1116 287 1188 stolidior,
311 1117 414 1178 idcirco
436 1140 471 1177 ue
492 1117 592 1201 agresti
614 1119 746 1178 vecordia

57 1202 223 1281 pessimus,
247 1200 310 1257 cunt
333 1220 380 1279 per
397 1141 509 1279 liiyrios
530 1198 654 1279 pediturn
678 1221 745 1259 ma·

68 1279 182 1362 gisterio
210 1281 312 1339 milites
340 1299 470 1350 curaret,
497 1278 748 1352 dominationem,

68 1381 145 1420 ortus
167 1361 276 1420 Moesiae
304 1357 450 1440 superioris
471 1359 542 1419 locis
566 1358 747 1440 squalidiori·

70 1441 144 1513 bus,
163 1441 294 1520 improbe
313 1459 505 1521 occupaverat.

84 1522 222 1582 .XL11.
250 1521 325 1581 Eum
351 1520 534 1581 Constantius
559 1525 598 1581 cis
624 1521 750 1584 mensem

72 1602 237 1674 decimum,
260 1601 397 1662 facundiae
417 1604 447 1662 vi
470 1601 609 1681 dejectum
632 1605 751 1683 imperio

62 1686 118 1745 in·
160 1686 265 1744 'vatum
289 1685 381 1742 otium
411 1687 540 1743 removit.
564 1684 636 1761 Quae
662 1685 753 1767 gloria

73 1786 110 1846 po
160 1784 258 1825 natum
274 1766 443 1844 imperium,
463 1763 517 1823 soii
537 1767 671 1862 processit
693 1766 754 1824 elo-

74 1850 173 1928 quio,
204 1842 415 1938 clementiaque:
446 1844 525 1902 Nam
555 1865 619 1902 cum
649 1844 756 1982 maffini

94 1947 153 1987 arte
175 1928 315 2006 utrimque
329 1943 461 1983 exercitus
475 1920 683 1994 convenissent,
723 1946 755 1984 a·

73 1948 138 2068 [ita
166 2005 203 2066 ad
229 2003 348 2086 speciem
375 2004 472 2076 iudicii
497 2008 655 2074 concione,
678 2003 757 2085 quod

77 2087 136 2148 fere
157 2090 206 2147 vix
227 2105 275 2147 aut
297 2088 387 2146 multo
415 2083 550 2168 sanguine
570 2086 757 2146 obtinendum

77 2188 162 2239 erat,
187 2167 347 2249 eloquenti&
387 2169 498 2226 artavit.
522 2166 593 2243 Quae
620 2188 661 2226 res
692 2166 759 2227 satis

78 2251 215 2320 edocuit,
233 2270 291 2308 non
308 2188 396 2307 moiii
415 2247 516 2317 dorni,
535 2246 630 2306 verrim
652 2249 759 2307 militiae

80 2351 197 2414 quoque
213 2328 325 2388 dicendi
340 2330 452 2408 copiam
470 2326 616 2407 prusiam,
636 2327 692 2408 qui
711 2328 761 2386 de-

82 2410 165 2473 mum
186 2410 232 2470 vel
255 2410 342 2469 ardua
368 2406 516 2488 proclivius
540 2428 574 2467 eo
601 2407 760 2467 conficiun·
808 2472 810 2477 ‚

83 2512 151 2563 tur,
170 2493 194 2551 si
210 2488 346 2550 modesti&
366 2508 449 2569 atque
467 2491 625 2570 integritate
644 2486 762 2565 superet.

84 2572 177 2650 Quod
197 2572 321 2630 maxime
345 2572 491 2653 cognitum
515 2569 531 2626 ὲ
557 2567 650 2627 nostro
676 2569 763 2628 Prin-

86 2658 173 2734 cipe,
193 2673 278 2734 quern
305 2671 401 2711 tamen
424 2670 481 2731 quo
504 2648 595 2709 minus
618 2647 710 2708 statim
734 2652 765 2710 in

88 2732 185 2797 hostes
202 2734 272 2793 alios
284 2732 321 2791 ad
337 2731 448 2790 Italiam
463 2730 662 2799 contenderet,
677 2727 767 2791 hiems

89 2814 211 2898 aspera,
231 2812 385 2893 clausaeque
407 2812 493 2892 Alpes
513 2811 664 2873 tardavero
687 2812 768 2871 lnte·
