2010 3616
193 344 261 407 124
308 320 525 389 Euruorrr
550 321 678 390 Lrnart
703 322 746 389 X.

209 440 516 525 uaeptommemotavi,
537 437 644 499 fastum
667 434 714 499 est.
741 438 820 501 Nam
841 443 881 503 dc

188 462 363 582 damnitibus
375 529 402 580 &
413 520 599 580 Numantinis
612 529 639 582 δι
650 519 785 581 Numidis
799 542 880 582 con-

188 600 281 662 festim
306 601 380 661 bella
404 601 483 661 illata
508 598 573 660 sunt
592 624 600 658 r
622 622 711 683 neque
734 623 788 683 pax
809 624 877 666 tata

188 681 251 743 fuit.
275 682 330 743 Sed
351 682 420 742 dum
446 682 578 742 aernulum
598 683 710 763 imperii
733 704 872 756 veretur,

188 765 261 824 intra
288 763 436 824 Orientem
465 762 616 834 residens,
665 763 741 823 loriae
770 786 874 844 parum

187 842 337 905 consuluit.
358 845 457 926 ltaque
472 846 524 903 iter
547 783 700 927 ingrelliu,
721 862 806 927 atque
825 847 871 906 II·
926 900 937 912 ,

187 927 306 1006 lyricum
325 944 442 1006 petens,
462 926 492 985 in
512 925 634 986 Galatiae
651 923 753 985 finibus
771 947 873 1006 repen-

188 1005 250 1067 tini
272 1026 363 1066 morte
387 1005 461 1064 obiit
480 1029 488 1064 ε
506 1007 550 1066 vir
569 1004 639 1066 aliis
659 1026 749 1087 neque
770 1009 843 1069 iners
856 1053 870 1081 ,

188 1109 224 1155 ne
246 1109 280 1147 ue
294 1086 463 1168 imprudens.

264 1169 365 1229 VIII.
387 1168 477 1228 Multi
502 1168 693 1228 exanimatum
719 1169 887 1249 opinantur-

188 1248 280 1310 nimii
290 1249 444 1320 cruditate3
455 1250 527 1308 inter
537 1249 706 1309 coenandum
717 1251 792 1309 enim
804 1272 874 1331 epu-

188 1332 224 1392 lis
244 1329 421 1391 indulserat:
443 1329 494 1389 alii
513 1329 601 1390 odore
624 1331 769 1402 cubiculi,
791 1330 875 1412 quod

190 1433 225 1471 ex
240 1413 344 1471 recenti
363 1412 481 1471 tediorio
501 1412 585 1471 calcis
599 1432 683 1495 grave
700 1409 874 1492 quiescenti-

190 1492 243 1552 bus
254 1511 312 1552 erat
321 1515 327 1548 ε
337 1491 454 1572 quidam
465 1493 610 1552 nimietate
622 1512 789 1572 prunarum,
800 1514 875 1574 quas

191 1574 272 1656 gravi
283 1571 388 1655 frigore
402 1571 509 1632 adoleri
521 1573 624 1633 multas
636 1569 754 1652 juffetat.
767 1573 876 1635 Deces-

191 1655 228 1713 sit
241 1654 353 1734 imperii
368 1650 464 1711 mense
480 1651 621 1734 sepumo,
635 1653 874 1736 quarto-decimo

190 1734 332 1795 Kalendas
352 1734 496 1794 Martias:
520 1736 607 1795 aetatis
621 1740 635 1807 ,'
654 1755 686 1796 ut
707 1736 757 1816 qui
777 1734 873 1815 pluri·

192 1837 272 1876 mum
292 1837 325 1876 at
346 1816 499 1874 minimum
517 1815 652 1886 tradunt,
673 1818 755 1876 terrio
773 1824 800 1875 δι
819 1820 876 1877 tri-

190 1900 301 1981 gesimo
320 1918 397 1957 anno
415 1920 421 1953 ε
439 1917 473 1956 ac
492 1898 667 1991 benignitate
689 1898 845 1977 principum
859 1944 874 1970 ,

191 1981 243 2059 qui
269 1981 296 2038 ei
320 1973 530 2047 succederunt,
559 1996 630 2037 mter
652 1977 750 2055 Divos
769 1978 875 2040 relatus

191 2057 255 2129 est3
275 2079 344 2119 nam
366 2059 542 2119 &civilitati
564 2061 698 2140 propior,
717 2066 746 2119 δι
771 2058 874 2119 nattuai

191 2139 348 2199 admodum
365 2139 488 2199 liberalis
506 2138 569 2199 fuit.
587 2139 614 2199 Is
631 2137 715 2199 status
732 2158 789 2199 erat
801 2139 871 2199 Ro-

191 2239 283 2281 rnanae
298 2223 362 2290 rei,
384 2220 507 2281 Joviano
527 2220 629 2280 eodem
647 2230 675 2281 dt
688 2221 875 2281 Varroniano

191 2298 386 2370 Consulibus,
405 2323 482 2360 anno
500 2301 588 2362 Urbis
608 2301 727 2362 conditae
748 2300 874 2362 millesi-

191 2403 242 2445 mo
257 2383 408 2443 centesimo
422 2390 449 2442 δι
461 2382 671 2442 nonodecimo.
685 2383 762 2459 Quia
775 2402 872 2447 autem

191 2464 231 2526 ad
256 2464 376 2545 inclytos
395 2464 532 2543 principes
555 2461 782 2545 venerandosque
801 2484 872 2543 per·

190 2564 307 2609 ventum
325 2543 387 2615 est,
408 2545 521 2604 interim
540 2546 619 2625 operi
639 2544 758 2604 modurn
783 2544 874 2605 dabi-

191 2646 262 2689 mus.
288 2626 368 2687 Nam
393 2625 500 2706 reliqua
522 2623 594 2706 stylo
616 2630 722 2704 majore
752 2625 875 2688 dicenda

191 2705 274 2767 sunt:
291 2728 352 2789 quae
369 2727 443 2766 nunc
462 2725 596 2766 nontam
613 2708 875 2786 praetermittimus,

190 2785 277 2867 quim
301 2788 339 2847 ad
364 2792 502 2868 majorem
528 2785 668 2849 scribendi
693 2787 877 2872 diligentiam

190 2865 369 2931 reservamus.

435 2949 462 3009 F
478 2946 499 3009 Ι
516 2949 551 3011 Ν
566 2948 586 3009 Ι
603 2947 633 3011 S.
