2056 3628
233 272 238 275 ’
317 271 503 340 Lucu&
553 272 583 339 l.
691 266 792 357 '17

145 385 281 449 XVIII.
303 386 392 449 Anno
412 410 493 449 ccc.
513 396 540 448 δε
553 388 641 448 alteru
659 387 696 449 ab
711 388 793 452 Urbe

104 469 245 542 conditi,
267 472 308 529 im
331 472 421 529 etium
435 466 593 531 Consulate
607 467 743 542 cessavit,
763 480 792 532 dc

105 571 158 631 pro
173 551 284 611 duobus
297 489 496 622 goaldum,
512 550 610 610 decem
624 550 692 612 facti
704 548 791 625 suut,

104 634 157 713 qui
171 631 314 692 summam
327 630 492 712 potestatem
505 630 654 704 haberent,
668 633 790 693 Decem-

103 715 161 772 viti
180 715 332 773 nominati.
353 712 410 772 Sed
424 711 488 772 cuim
504 714 598 794 primo
618 735 693 774 anuo
712 715 793 774 beni·

147 795 165 852 ὲ
187 790 333 876 egidium
352 790 475 854 secundo
494 804 571 855 unus*
582 814 616 853 ex
633 796 667 854 iis
682 794 791 876 Appius
851 848 859 857 ,
904 838 910 843 -

104 813 271 946 gaudius,
292 875 421 967 Virgiuii
437 874 605 955 cujusdam,
627 877 676 958 qui
694 873 789 937 hone·

103 954 154 1015 stis
170 960 231 1034 jam
243 954 388 1035 stipendiis
404 975 502 1016 contra
514 957 634 1017 Latinos
648 959 678 1017 in
691 974 791 1018 monte

103 1035 218 1119 Algido
233 1036 397 1109 militabat,
411 1035 501 1098 filiam
513 1039 653 1120 virginem
667 1055 791 1098 cottum·

12 1124 19 1137 '
104 1136 173 1198 pere
192 1118 307 1178 voluit:
326 1137 412 1199 quam
471 1136 511 1178 tet
524 1118 654 1190 occidit,
676 1138 712 1179 ne
729 1117 791 1180 stu-

102 1219 190 1279 prum
209 1195 411 1260 {Decemvito
430 1139 596 1270 filimerem
615 1207 642 1259 dc
659 1197 792 1282 tegtelIus

104 1279 145 1338 ad
167 1280 296 1349 milites,
321 1282 412 1340 mouit
434 1282 596 1341 tumultum.
618 1279 735 1341 Sublata
753 1279 796 1342 est

104 1358 285 1422 Decemvieis
298 1360 439 1439 potestas,
453 1362 562 1442 ipsique
575 1360 703 1433 dalmati
717 1358 795 1423 sunt.

147 1440 244 1502 XIX.
257 1443 343 1502 Anno
357 1444 552 1503 trecentesimo
566 1440 795 1526 decimequinto·

103 1521 145 1583 ab
166 1522 247 1584 Urbe
270 1521 407 1595 conditi,
432 1522 581 1584 fidenates
603 1542 702 1585 contra
723 1524 788 1585 Ro-

84 1625 211 1664 manos
230 1603 439 1665 rebellavetunt.
460 1605 606 1665 Auxilium
624 1602 793 1685 praestebauc

106 1682 154 1746 his
175 1686 331 1761 Veientes,
353 1695 380 1747 dc
402 1707 451 1746 tex
471 1686 638 1767 Veientium
660 1685 790 1761 ‘I'olutuu

105 1768 171 1827 nius
185 1791 194 1825 e
206 1787 268 1849 quae
282 1766 373 1828 ambte
387 1769 513 1829 civitates
530 1785 589 1827 cam
602 1768 705 1828 uicinae
714 1768 791 1830 Urbi

105 1844 197 1920 sunt,
215 1868 247 1909 ut
263 1848 376 1909 Fideuae
395 1847 495 1920 sexto,
508 1849 644 1927 Veientes
664 1870 685 1907 x
695 1870 714 1907 v
725 1868 789 1910 111.

105 1929 243 1989 milliario
268 1931 370 1990 absint.
396 1928 614 2008 Conjunxetunt
635 1926 665 1988 se
691 1926 735 1989 his
762 1938 791 1990 dt

105 2008 218 2071 Volsci.
236 2010 292 2071 Sed
305 2011 350 2070 M.
361 2009 487 2071 AEmilio
499 2010 647 2070 Distatote
662 2055 671 2076 ,
690 2019 717 2070 &
730 2011 790 2072 Lu·

104 2092 154 2150 cio
167 2092 290 2169 Quintio
300 2091 476 2153 Cincitenato
484 2089 625 2175 Magistro
634 2091 788 2173 Equitum,

63 2216 69 2224 .
105 2173 199 2244 vicli,
220 2174 304 2232 etiam
317 2174 407 2256 regim
418 2171 603 2255 perdiderunt.
617 2171 729 2233 Fideuae
742 2194 790 2234 ca-

108 2272 189 2334 ptae,
210 2261 238 2313 dc
257 2251 363 2313 excisae.
404 2262 410 2267 '

147 2333 221 2395 XX.
252 2334 318 2395 Post
339 2335 444 2418 viginti
464 2332 565 2395 deiude
590 2355 703 2406 anuos,
726 2333 789 2393 Ve-

110 2419 220 2495 jentani
230 2416 440 2476 rebellaverunt.
454 2417 585 2477 Distatot
600 2436 696 2476 contra
714 2413 790 2493 ipsos

106 2493 203 2557 milsus
223 2495 263 2556 est
280 2498 379 2557 Furius
403 2495 571 2568 Camillus,
591 2499 642 2576 qui
666 2492 789 2574 ptimeim

107 2597 157 2637 eos
178 2579 247 2638 vicit
265 2580 327 2637 acie
346 2601 353 2635 t
374 2598 442 2636 mox
466 2581 553 2638 etiam
576 2579 720 2643 civitatem
740 2572 790 2634 diu

106 2658 239 2719 obsidens
251 2661 347 2741 cepit,
365 2660 592 2739 antiquissimam
603 2655 691 2715 Italia:
705 2673 789 2736 atque
875 2662 879 2673 '

104 2739 288 2800 ditissimam.
313 2737 379 2799 Post
403 2760 466 2800 eam
491 2740 564 2819 cepit
588 2746 615 2798 δι
640 2735 787 2807 Faliscos,

104 2842 166 2881 non
186 2818 279 2884 mimis
298 2821 426 2882 nobilem
450 2822 602 2888 civitatem.
627 2817 683 2882 Sed
702 2837 786 2879 com·
