1982 3614
152 306 213 356 na
233 288 353 359 Virus
370 297 662 361 insusurrans.
693 317 755 383 191

63 407 260 470 nihilominus
287 410 456 491 periclitanti
480 409 619 473 subvenit.
645 412 762 474 Hanni·

65 492 167 551 balern
191 493 224 550 in
243 513 313 574 agro
338 492 456 552 Falerno
484 494 604 556 inclusit.
631 495 761 556 Marium

65 572 220 634 Statilium
237 571 410 658 transfugere
427 573 464 633 ad
484 572 575 634 hostes
592 576 759 651 volentem,

67 675 144 735 equo
159 656 291 715 &armis
311 655 424 716 donatis
441 657 575 728 retinuit,
596 666 623 718 &
641 659 760 719 Lucano

68 736 191 795 cuidam·
218 734 397 808 fortissimo,
425 736 464 796 ob
488 759 615 797 amorem
637 741 762 802 mulieris

68 816 273 899 infrequenti,
295 818 413 878 eandem
432 837 558 898 emptam
575 818 653 880 dono
673 820 760 884 dedit.

68 897 235 960 Tarentum
261 900 297 957 ab
324 897 449 959 hostibus
477 903 580 980 recepit
592 924 602 972 3
631 901 763 964 Herculis

70 981 189 1064 signum
209 979 275 1039 inde
292 983 453 1041 translatum
472 984 502 1041 in
517 982 666 1063 Capitolio
681 984 763 1044 dedi-

70 1064 158 1122 cavit.
191 1062 241 1122 De
269 1061 462 1144 redemptione
491 1064 665 1143 captivorum
695 1088 762 1127 cum

71 1140 205 1205 hostibus
223 1164 258 1223 pe
278 1144 353 1227 igit,
372 1143 451 1227 quod
487 1148 582 1204 adium
602 1142 666 1203 crim
685 1144 764 1207 aSe·

71 1244 142 1285 natu
155 1164 385 1305 improbaremr,
406 1165 526 1285 fundum
541 1224 622 1285 suum
637 1227 763 1290 ducentis

71 1306 205 1367 millibus
222 1305 372 1379 vendidit,
389 1317 416 1367 &
434 1305 500 1365 fidei
516 1305 571 1366 sun
587 1305 729 1369 satisfecit.

113 1387 245 1448 XLIV.
266 1389 382 1449 Publius
406 1389 503 1469 Scipio
521 1389 648 1462 Nasica,
673 1388 763 1450 uSe-
841 1421 850 1427 ·

71 1488 143 1529 natu
156 1472 204 1530 vir
218 1471 342 1549 optimus
354 1469 510 1548 judicatus,
524 1470 651 1529 Matrem
666 1470 763 1532 Derim

72 1547 206 1631 hospitio
222 1553 333 1631 recepit.
350 1552 378 1611 Is
395 1550 460 1611 crim
476 1550 622 1611 adversdm
638 1551 763 1634 auspicia

72 1631 238 1693 Consulem
258 1632 286 1692 se
303 1631 320 1691 a
341 1631 473 1694 Graccho
490 1635 670 1693 nominatum
686 1657 765 1694 com·

94 1710 215 1786 erilset,
240 1711 403 1798 magistratu
426 1713 454 1774 se
475 1714 628 1775 abdicavit.
653 1714 764 1776 Censor

118 1814 207 1866 tuas,
225 1817 294 1877 quas
309 1796 363 1855 sibi
379 1795 497 1936 puisque
513 1816 560 1875 per
575 1796 764 1857 ambitionem

74 1877 108 1936 in
125 1875 194 1936 foro
211 1876 357 1956 ponebat,
393 1875 496 1937 ustulit.
516 1874 628 1939 Consul
646 1877 763 1937 Delmi-

73 1978 149 2018 num
168 1959 268 2017 urbem
284 1959 484 2018 Dalmatarum
504 1959 683 2041 expugnavit.
705 1957 767 2016 lm-

75 2041 219 2120 peratoris
234 2060 339 2099 nomeu
351 2038 368 2099 ὲ
380 2038 538 2109 militibus,
560 2047 588 2100 &
607 2038 644 2098 ab
660 2039 766 2099 Senatu

74 2117 258 2207 triumphum
276 2121 405 2180 oblatum
424 2117 562 2180 recusavit
578 2118 766 2202 :eloquentiis

75 2204 212 2283 primus,
233 2203 299 2280 juris
318 2200 434 2262 scientii
456 2198 696 2273 consultissimus,
715 2205 765 2261 in-

116 2284 170 2342 nio
192 2279 435 2362 sapientissimus,
458 2282 533 2343 uude
550 2280 638 2367 vulgb
655 2282 768 2345 Corcu-

89 2386 141 2424 um
161 2363 262 2424 didius.

123 2445 231 2507 XLV.
252 2445 367 2506 Marcus
383 2445 536 2505 Marcellus
550 2444 767 2505 Viridomarum

79 2527 238 2589 Gallorum
267 2525 367 2586 ducem
400 2528 535 2665 sirpgulari
565 2526 658 2607 praelio
684 2526 767 2587 fudit.
790 2564 797 2584 .

80 2610 211 2690 (Spolia
230 2630 248 2667 ο
268 2610 326 2668 ima
344 2607 410 2668 lovi
450 2610 548 2667 eretrio
566 2609 659 2667 tertius
676 2606 693 2666 a
708 2607 768 2667 Ro-

81 2691 165 2749 mulo
184 2628 366 2751 consicravit.
389 2687 498 2748 Primus
520 2688 618 2749 docuit
640 2709 768 2770 quomo-

82 2771 121 2830 do
147 2771 253 2832 milites
269 2772 418 2842 cederent,
439 2792 491 2832 nec
510 2789 589 2854 terga
608 2771 768 2851 praeberent.

80 2851 281 2915 Hannibalem
307 2860 319 2930 )
352 2852 427 2935 apud
465 2851 608 2923 Nolam,
639 2852 768 2913 locorum
