2056 3628
205 222 266 308 '26
362 234 703 337 ιΕτηκοιηι
750 222 808 236 ”

260 354 334 417 XV.
357 351 395 413 C.
425 353 515 412 Fabio
545 353 675 424 Licino,
707 351 744 413 C.
772 351 900 413 Claudio

219 433 335 498 Canini
354 432 548 504 Consulibus,
572 456 648 494 anno
669 434 756 495 Urbis
778 436 900 509 conditae

219 535 365 596 ccccm,
385 516 474 598 legati
489 515 695 586 Alexandrini,
712 513 728 574 ”a
745 515 900 576 Ptolemaeo

219 598 323 668 missi,
349 596 475 656 Romam
507 597 637 667 vensre3
666 605 693 656 &
719 593 737 654 ‘a
761 594 902 659 Romanis

218 679 400 749 amicitiam,
421 698 508 759 quam
528 679 686 757 petierunt,
706 677 899 739 obtinuerunt.

260 758 355 819 XVI.
377 759 490 899 (guinto
508 758 538 818 Ο
560 759 660 830 ulnio,
681 758 719 819 C.
739 759 830 818 Fabio
846 760 900 819 Pi-

220 844 297 901 store
318 839 385 901 Con
401 841 513 909 ulibus,
536 780 662 900 sitentes
688 840 795 898 bellum
814 861 900 900 com-

219 923 358 992 movsre3
383 922 469 982 &ab
493 920 702 1002 insequentibus
725 919 901 983 Consulibus

217 1000 303 1064 Publ.
325 1004 518 1082 Sempronio,
540 1003 636 1081 Apio
658 1002 808 1074 Claudio,
831 1005 901 1063 victi

220 1083 286 1145 sunt
301 1108 308 1142 :
324 1094 350 1144 δι
370 1083 405 1143 dc
422 1082 465 1144 bis
482 1023 685 1164 triumpbatum
699 1082 746 1144 est.
767 1084 901 1145 Conditae

221 1162 239 1225 s
256 1166 395 1225 Romanis
418 1167 565 1236 civitates,
587 1166 750 1224 Ariminum
771 1166 802 1226 in
822 1166 900 1227 Gal-

220 1245 283 1318 lis,
302 1256 330 1307 &
346 1247 537 1307 Beneventum
557 1248 587 1306 in
605 1247 733 1307 Samnio.

262 1327 379 1387 XVII.
400 1329 503 1389 Marco
524 1328 629 1388 Attilio
651 1327 788 1469 Regulo,
812 1327 903 1388 Lucio

221 1408 309 1470 Iunio
333 1408 445 1468 Libone
468 1406 665 1480 Consulibus,
707 1407 847 1468 allentinis
873 1410 904 1469 in

222 1487 329 1568 Apulis
346 1489 452 1548 bellum
466 1489 604 1548 indicium
617 1487 657 1547 est
672 1512 679 1544 :
696 1491 826 1570 captique
840 1488 913 1550 sun?

223 1590 289 1629 cum
311 1571 425 1631 civitate
443 1570 528 1630 simul
548 1569 739 1641 Brundusini,
762 1579 790 1630 &
805 1570 840 1630 de
860 1567 906 1631 his

223 1648 427 1730 triumphatum
445 1649 493 1710 est.
824 1669 833 1679 ‘

265 1730 400 1793 XVIII.
422 1733 509 1791 Anno
541 1750 811 1791 ccccuxxvn.
841 1729 906 1791 esim

102 1851 106 1860 ·
223 1817 284 1895 jam
301 1815 407 1873 clarum
425 1812 500 1872 urbis
515 1811 615 1872 Romae
633 1832 738 1871 nomen
757 1808 843 1882 esset,
865 1833 909 1872 at-

224 1916 274 1954 ma
300 1914 396 1956 tamen
415 1914 490 1954 extra
512 1894 627 1954 Italiam
650 1913 730 1954 mota
755 1914 814 1953 non
838 1890 906 1952 fue·
960 1912 964 1919 ·

167 1998 171 2004 ·
224 1968 297 2039 sant.
318 1977 362 2037 Ut
380 1977 466 2057 igitur
481 1972 720 2058 cognosceretur,
742 1995 803 2056 quae
820 1977 908 2054 copiae

225 2056 423 2122 Romanorum
446 2052 555 2126 essent,
580 2053 677 2115 census
702 2053 742 2114 est
764 2053 907 2116 babitus:

225 2139 343 2197 inventa
358 2134 422 2196 sunt
438 2137 543 2195 civium
562 2137 655 2218 capita
672 2136 791 2196 ducenta
809 2145 837 2196 δι
853 2157 909 2195 no-

226 2219 347 2302 naginta
372 2216 428 2277 duo
456 2218 567 2289 millia,
589 2236 712 2277 trecenta
738 2226 766 2277 &
791 2219 909 2300 triginta

228 2318 371 2381 quatuor,
391 2320 555 2380 quanquam
573 2296 590 2358 l
606 2297 721 2359 conditi
735 2298 816 2360 Urbe
835 2319 910 2358 nun-

228 2401 316 2462 quam
348 2379 424 2440 bella
453 2378 605 2441 cessissent.
633 2380 671 2439 Et
702 2398 798 2440 contra
822 2379 909 2440 Afros

228 2460 336 2522 bellum
368 2460 526 2542 susceptum
555 2459 595 2520 est
624 2463 779 2540 primum,
812 2462 910 2541 Appio

229 2543 355 2604 Claudio
377 2589 387 2614 ,
409 2543 519 2622 Quinto
552 2542 641 2602 fulvio
664 2540 847 2602 Consulibus.
875 2541 910 2602 lu

227 2623 327 2689 Sicilizl
352 2646 450 2686 contra
472 2646 521 2685 eos
539 2642 698 2708 pugnaturn
718 2621 779 2692 est,
802 2631 830 2682 &
847 2623 910 2702 Ap-

229 2707 291 2785 pius
307 2705 445 2767 Claudius
459 2706 494 2765 de
511 2704 589 2768 Afris
603 2714 630 2766 &
643 2724 709 2788 tege
725 2703 827 2767 Sicilie
841 2703 912 2764 Hie·

228 2806 299 2847 rone
316 2785 508 2869 triumphavit.
