1982 3614
213 225 278 307 278
358 216 485 293 Ant.
514 182 733 288 Vrcron

252 337 320 398 XL.
343 335 356 396 1
378 339 432 397 itur
445 333 637 410 Constantio,
656 339 887 419 Armentarioque

212 415 257 479 bis
272 359 482 479 succedentibus
500 464 510 488 ‚
531 418 649 479 Severus
660 418 888 500 Maximinusque

212 499 391 581 Illyricorum
409 499 548 593 indigenae
566 498 715 571 Caesares,
736 503 806 581 prior
819 501 885 560 lta·
913 536 941 560 .·
976 508 977 563 ζ

212 581 282 643 liam
296 627 307 651 ‚
332 579 467 662 posterior
479 601 509 640 tn
523 601 585 660 quae
598 581 696 642 Jovius
708 582 864 641 obtinuerat
874 627 888 653 ,
976 596 977 635 1

212 660 392 741 destinantur.
414 660 503 738 Quod
522 662 639 723 tolerare
656 664 787 744 nequiens
802 662 888 723 Con·
976 710 977 727 2

214 741 372 822 stantinusl,
395 748 471 821 cujus
491 747 549 821 jam
572 761 632 802 tum
652 741 670 802 it
688 764 772 824 puero
790 745 890 826 ingens
976 790 977 793 η

212 821 367 904 potensque
387 825 497 882 animus
518 821 615 882 ardore
633 822 811 906 imperitandi
827 825 889 905 agi·
976 840 977 843 ’

213 904 349 974 tabatur,
369 902 444 986 fuga
468 925 656 976 commento,
678 903 745 965 etim
764 905 800 965 ad
815 901 890 963 frus-

212 985 326 1045 trandos
339 981 515 1064 insequentes
529 985 639 1064 publica
653 991 800 1065 jumenta,
818 1007 891 1066 qua·
976 990 977 1011 *

214 1063 271 1147 quit
298 1069 349 1126 iter
374 1084 490 1148 egerat,
514 1063 702 1139 interficeret,
728 1069 758 1126 in
777 1067 889 1126 Britan—

216 1148 294 1206 niam
305 1149 429 1228 pervenit
436 1168 446 1216 3
461 1150 547 1217 (nam
560 1148 584 1206 is
594 1145 611 1205 *a
622 1147 740 1207 Galerio
749 1148 893 1230 religionis

213 1224 330 1305 specie,
354 1226 389 1286 ad
409 1229 501 1287 vicem
520 1226 627 1288 obsidis
647 1228 830 1303 tenebatur.)
852 1229 891 1289 Et

214 1306 287 1368 forte
312 1305 412 1367 iisdem
435 1307 532 1367 diebus
559 1308 667 1367 ibidem
691 1307 890 1371 Constantium

212 1407 322 1468 patrem
341 1391 404 1448 vitae
422 1389 522 1448 ultima
541 1389 674 1471 agebant.
692 1390 761 1466 Quo
778 1409 889 1450 mortuo

215 1471 346 1539 cuneis,
366 1470 416 1549 qui
437 1469 573 1540 aderant,
594 1472 807 1542 annitentibus,
829 1473 888 1529 im*

212 1551 321 1630 perium
338 1550 421 1629 capit.
440 1550 555 1609 Interim
574 1550 674 1611 Romae
693 1553 814 1635 vulgus,
833 1572 890 1611 tur-

212 1650 322 1712 maeque
343 1630 479 1691 Praetoriae
498 1632 678 1691 Maxentium
692 1677 704 1701 ,
728 1635 891 1692 retraebaute

170 1781 172 1784 Α
213 1709 263 1771 diu
281 1730 356 1790 patre
373 1710 532 1782 Herculio,
555 1711 757 1792 imperatorem
781 1711 890 1773 confir·

213 1811 303 1851 mant.
337 1791 425 1869 Quod
454 1793 504 1852 ubi
533 1792 725 1853 Armentarius
752 1796 892 1874 accepit,

213 1872 347 1934 Severum
369 1870 534 1944 caesarem,
560 1876 611 1955 qui
638 1872 704 1934 casu
722 1873 760 1933 ad
779 1875 892 1936 Urbem

214 1972 293 2024 erat,
311 1975 390 2014 arma
410 1955 440 2013 iu
460 1951 569 2013 hostem
588 1954 658 2015 ferre
673 1956 788 2035 propere
802 1958 893 2035 jubete
976 2002 977 2023 i

183 2086 186 2092 .
213 2032 242 2094 Is
267 2036 371 2093 circum
390 2055 484 2094 muros
506 2032 608 2095 etima
645 2055 710 2104 ret,
733 2034 856 2097 desertus
877 2037 895 2097 *a

214 2110 290 2184 suis,
313 2136 384 2195 quos
403 2116 581 2194 premiorum
606 2118 611 2129 '
637 2117 741 2177 ecebris
762 2118 895 2178 Maxen-

214 2195 268 2254 tius
282 2196 458 2266 traduxerat,
471 2195 604 2279 fugiens,
618 2194 818 2279 obseffusque,
832 2198 897 2259 Ra-

213 2296 311 2336 vennae
324 2277 406 2336 obiit.
428 2275 496 2339 Hbc
509 2280 600 2338 acrior
613 2279 742 2339 Galerius
755 2324 764 2349 ,
783 2277 898 2345 adscito

140 2409 142 2414 Α
213 2357 245 2417 in
264 2358 414 2417 consilium
431 2358 538 2430 Jovio,
557 2359 699 2420 Licinium
713 2380 805 2421 vetere
822 2381 898 2444 cog-

213 2440 306 2499 nitum
319 2437 442 2498 amicitid
454 2438 595 2501 Caesarem
607 2486 616 2510 ,
630 2459 705 2500 creat
714 2439 876 2523 Augustum
885 2452 903 2515 ,'

215 2540 306 2602 eoque
323 2520 581 2580 admunimentum
595 2522 723 2602 lllyrici,
744 2519 896 2583 acThra-

215 2603 264 2659 tiae
285 2601 406 2669 relide,
431 2601 732 2662 Romameontendit.
756 2601 802 2662 Ibi
826 2602 898 2663 crim

215 2678 365 2741 obsidione
394 2681 594 2754 distineretur,
624 2685 761 2743 'militibus
792 2681 898 2745 eidem
976 2760 977 2763 Ἴ

215 2757 273 2841 qui
286 2760 437 2843 superiores
450 2762 498 2828 sii
515 2765 657 2827 attentatis
670 2810 682 2836 ,
702 2782 782 2825 metu
798 2785 835 2826 ue
848 2764 902 2826 de-
