2056 3628
232 294 280 375 46
415 287 732 356 Eurnontt

231 403 406 487 Libyffam,
436 407 465 465 in
495 403 598 466 finibus
620 402 914 478 Nicomediensium,

233 486 354 569 sepultus
372 485 419 546 est.
818 511 821 516 ·

272 569 332 629 VI.
354 565 487 648 Philippo
504 589 531 627 tt
554 567 763 628 eMucedoniae
781 587 916 640 mortuo,

231 651 283 730 qui
299 659 330 721 v&
351 647 500 709 adversum
548 670 671 709 omanus
694 649 800 707 bellum
821 647 914 732 geffe-

195 760 198 765 ⁴
230 731 296 802 tht,
317 740 344 791 &
359 729 455 812 postea
468 730 607 790 Romanis
627 749 724 789 contra
737 728 917 792 Antiochum

232 813 368 871 auxilium
381 812 502 884 tulerat,
523 810 596 871 filius
609 815 667 891 ejus
680 810 793 871 Perseus
806 813 836 871 in
849 813 917 872 Ma·

232 893 352 952 cedonih
380 894 551 965 rebellavit,
573 893 734 975 ingentibus
761 895 849 973 copiis
875 894 915 954 ad

230 974 337 1034 bellum
368 977 479 1053 paratis.
512 974 591 1034 Nam
622 973 761 1052 adjutores
790 971 916 1036 habebat

221 1054 331 1137 Cotyn
349 1053 479 1115 Thraciae
497 1077 594 1139 regem
604 1101 616 1128 ‚
634 1065 661 1116 &
677 1055 803 1137 Illyrici,
826 1056 913 1117 Gen-

229 1138 303 1197 tium
323 1140 448 1198 nomine.
473 1137 612 1207 Romanis
636 1155 730 1196 autem
751 1139 782 1196 in
806 1139 915 1199 auxilio

228 1238 309 1278 etant
322 1220 464 1279 Eumenes
476 1219 552 1279 Asiae
570 1239 639 1288 tex,
659 1215 821 1299 Ariarathes
834 1218 917 1300 Cap-

228 1300 386 1380 padociae,
419 1297 577 1361 Antiochus
607 1300 717 1380 Syriae‚
743 1299 914 1362 Ptolemaeus

227 1380 375 1464 AEgypti,
396 1378 544 1441 Masinissa
559 1380 712 1441 Numidiae.
731 1380 839 1441 Prusias
858 1403 913 1442 au·

229 1479 287 1520 tem
316 1483 364 1521 tex
393 1460 561 1543 Bithyniae,
594 1483 669 1543 quan
691 1483 757 1521 uam
786 1460 912 1524 sororem

229 1540 321 1602 Persei
334 1563 450 1602 uxorem
465 1542 580 1603 haberet
590 1589 602 1613 ,
620 1483 743 1624 utridque
757 1541 786 1603 se
798 1565 912 1625 aequum

228 1624 351 1702 praebuit.
388 1625 456 1684 Dux
490 1624 688 1685 Romanorum
719 1624 750 1685 P.
784 1626 913 1688 Licinius

228 1703 341 1764 Consul
356 1726 454 1765 contra
473 1726 537 1765 eum
560 1703 654 1766 miffus
674 1703 737 1778 est,
760 1716 787 1767 &
807 1704 824 1765 *a
843 1728 911 1790 rege

229 1788 309 1868 gravi
320 1787 414 1866 praelio
428 1789 527 1847 vistus.
540 1787 642 1869 Neque
655 1807 751 1848 tamen
761 1788 911 1862 Romani,

227 1887 391 1948 quanquam
418 1865 564 1949 superati,
592 1871 653 2007 tegi
678 1871 783 1950 petenti
809 1891 910 1949 pacem

227 1947 350 2027 praestare
364 1950 532 2022 voluerunt,
549 1951 603 2009 nisi
641 1953 663 2010 is
680 1950 909 2011 conditionibus:

233 2029 276 2087 Ut
290 2029 324 2106 fi
348 2028 375 2090 θ
390 2029 466 2107 ficos,
479 2027 641 2091 Senatui&
659 2034 760 2107 populo
783 2031 910 2092 Romano

225 2113 341 2169 dederet.
368 2111 442 2170 Mox
466 2108 560 2171 missus
587 2132 684 2172 contra
712 2134 776 2172 eum
806 2114 910 2175 Lucius

225 2189 363 2251 AEmilius
387 2192 488 2251 Paulus
509 2191 644 2264 Consul,
666 2203 693 2253 &
711 2197 741 2253 in
763 2194 908 2276 illyricum

224 2271 264 2332 C.
290 2273 407 2332 Anicius
429 2273 534 2332 Praetor
559 2295 655 2334 contra
676 2275 823 2347 Gentium.
852 2276 908 2338 Sed

226 2353 368 2425 Gentius,
392 2352 475 2413 facile
501 2377 558 2414 uno
586 2356 681 2437 praelio
702 2360 792 2433 vidus
805 2403 817 2426 ‚
838 2378 909 2418 mox

225 2432 255 2494 se
276 2434 391 2494 dedidit.
414 2436 509 2495 Mater
532 2441 612 2516 ejus,
635 2446 663 2498 &
689 2459 782 2509 uxot,
804 2447 831 2498 δι
849 2439 908 2499 duo

225 2514 301 2588 filii,
326 2515 410 2577 frater
426 2538 562 2599 quoque,
587 2519 670 2578 simul
688 2520 717 2578 in
739 2516 906 2600 potestatem

225 2597 423 2658 Romanorum
438 2619 581 2660 venerunt.
601 2600 645 2659 Ita
664 2600 740 2660 bello
760 2602 832 2660 intra
847 2602 906 2663 dies

225 2681 341 2762 triginta
365 2679 510 2760 perfecto,
533 2683 598 2740 anth
619 2684 766 2765 cognitum
789 2680 828 2740 est
853 2680 906 2743 effe

225 2761 364 2853 Gentium
388 2763 519 2837 vidium,
539 2761 627 2846 quiin
648 2782 772 2845 coeptum
798 2762 906 2826 bellum

225 2859 407 2904 nunciaretur.
732 2884 736 2890 -
