1982 3614
157 235 161 241 “
225 250 296 312 274
368 187 741 297 Aua.Vrcron

226 347 296 422 Quo
326 343 402 405 bello
429 344 609 415 Carausius,
635 346 775 427 Menapia
801 346 889 417 civis,
960 340 961 401 ἶ

226 427 310 488 fadis
328 426 546 507 promptioribus
565 429 686 498 enituit,
707 448 794 507 eoque
813 448 888 497 eum,
960 440 961 485 ἐ

225 508 312 571 simul
333 511 399 588 quia
419 507 593 590 gubernandi
616 504 699 588 [quo
721 509 810 568 officio
829 507 890 566 ado

227 588 391 653 lescentiam
404 588 531 648 mercede
545 608 703 649 exercuerat
716 591 728 665 }
744 610 838 671 gnarus
850 586 891 646 ha

228 671 370 741 bebatur,
396 668 523 749 parandae
547 670 627 730 classi
655 691 687 729 ac
715 668 890 750 propulsandis

230 751 381 811 Germanis
402 753 492 812 maria
513 749 730 820 infestantibus,
754 748 890 830 ptaefecdre.

229 829 297 892 Hbc
314 832 435 904 elatior,
456 830 520 890 crim
535 852 634 910 parum
649 832 754 891 multos
768 833 891 911 opptime-

229 932 295 983 tet,
318 934 353 972 ne
376 934 409 971 ue
430 912 524 992 praedae
543 914 642 971 omnia
662 913 692 972 in
714 914 832 971 ararium
849 930 889 969 re·

232 992 339 1064 fetre't,
355 935 491 1053 (herculii
522 1007 624 1063 metu,
654 990 671 1050 ‘a
698 1014 756 1073 quo
784 991 810 1051 se
834 990 893 1050 cadi

230 1071 332 1154 iussum
346 1093 537 1153 compererat,
551 1074 726 1133 Britanniam
740 1071 832 1132 hausto
844 1072 893 1130 lm·

233 1157 311 1236 perio
335 1178 366 1215 ca
387 1157 489 1214 essivit.
513 1153 626 1213 Eodem
650 1174 775 1235 tempore
798 1154 893 1214 Orien·

234 1255 291 1297 tem
309 1176 398 1296 Perdae
411 1281 423 1304 ,
447 1233 574 1294 Africam
592 1236 740 1307 Julianus,
764 1255 796 1293 ac
814 1235 895 1294 natio·

230 1338 280 1378 nes
300 1317 564 1398 Quinquegentanae
591 1318 712 1398 graviter
735 1316 894 1396 quatiebant.

232 1395 337 1458 adhuc
359 1397 432 1477 apud
448 1395 572 1480 AEgypti
593 1396 793 1457 Alexandriam
813 1393 897 1456 Achil·

233 1479 292 1538 leus
306 1481 444 1550 nomine,
463 1477 664 1538 dominationis
677 1480 798 1560 insignia
811 1476 897 1536 induo-

235 1579 287 1619 rat.
309 1559 364 1618 His
387 1559 421 1618 de
448 1561 535 1620 causis
557 1559 661 1619 dulium
685 1556 896 1628 Constantium,

235 1640 382 1700 Galerium
409 1639 648 1710 Maximianum,
680 1641 725 1698 cui
751 1658 898 1722 cognomen

234 1722 414 1781 Armentario
434 1741 515 1791 erat,
539 1716 644 1779 creatos
659 1719 783 1780 Caesares
802 1724 829 1780 in
847 1718 900 1778 affi-

231 1803 352 1862 nitatem
369 1820 482 1860 vocant.
498 1803 580 1861 Prior
592 1801 720 1860 Herculii
733 1803 898 1885 privignam,

235 1884 305 1942 alter
327 1882 509 1942 Diocletiano
532 1882 637 1942 editam
663 1881 835 1953 sortiuntur,
858 1880 899 1939 di·

235 1965 351 2044 remptis
368 1961 507 2043 prioribus
522 1968 585 2064 conj
627 1964 684 2032 iis,
708 1981 739 2022 ut
756 1965 785 2022 in
799 1962 901 2023 Nerone

236 2042 356 2103 Tiberio
380 2062 412 2102 ac
429 2041 510 2105 dulia
529 2042 587 2103 filia
635 2042 748 2182 uglustus
767 2043 901 2126 quondam

237 2122 348 2184 fecerat.
365 2124 421 2184 His
441 2122 507 2184 sane
520 2125 652 2184 omnibus
680 2124 808 2218 ilyricum
824 2124 902 2204 patria
960 2150 961 2199 p

236 2204 312 2276 fuir,
335 2207 391 2285 qui'
400 2227 576 2287 quamquam
594 2203 779 2267 humanitatis
796 2226 901 2285 parum,

236 2287 303 2345 ruris
331 2305 426 2346 tamen
454 2308 487 2345 ac
512 2287 617 2346 miiitiae
642 2284 761 2345 miseriis
785 2286 901 2355 imbuti,

237 2364 303 2426 satis
319 2368 422 2446 optimi
437 2366 608 2447 Reipublicae
624 2366 709 2435 fudre.
729 2368 824 2444 Quare
841 2387 903 2426 con·

223 2445 412 2511 ‘statianstos
425 2446 626 2530 ptudentesque
640 2445 721 2507 sensu
734 2450 805 2508 mali
816 2469 903 2528 prom·

236 2529 310 2610 ptitis
337 2528 420 2600 fieri,
448 2548 543 2590 contra
565 2550 598 2587 ue
625 2548 746 2608 expertes
771 2550 902 2589 aerumna·

235 2631 323 2680 rum,
348 2612 414 2672 dum
434 2612 533 2689 opibus
544 2551 607 2670 iuis
624 2613 739 2669 condius
754 2609 903 2677 estimant,

237 2689 330 2750 mimis
361 2689 511 2751 consulere.
544 2690 601 2750 Sed
631 2687 732 2749 horum
763 2690 903 2749 concordia

237 2772 363 2831 maxime
377 2772 490 2833 edocuit
506 2772 602 2834 virtuti
618 2772 790 2855 ingenium,
813 2770 901 2831 usum·
