1972 3624
207 294 647 366 ”BnavtAutuaa
726 321 788 389 355

112 411 193 494 tipsae
218 417 291 495 regis
312 412 409 484 filios,
436 416 543 476 bellum
567 416 705 476 indicium
730 416 791 477 est:

111 503 138 554 &
157 515 191 557 eo
207 516 256 575 pet
269 496 418 555 Metellum
439 496 583 556 consulem
604 501 722 568 attrito,
744 520 794 578 per

110 576 237 635 Marium
257 596 364 657 capto,
384 580 413 636 in
434 579 531 658 populi
550 579 675 638 Romani
693 579 791 659 potes-

108 675 198 717 tatem
225 658 364 718 Numidia
397 663 529 737 pervenit.
562 660 747 719 Mauritania
777 659 794 721 *a

108 737 226 796 Boccho
256 760 321 820 rege
347 739 468 797 obtentae
495 738 566 799 sunt.
597 741 651 800 Sed
677 739 793 802 subacta

109 822 191 879 omni
214 817 336 890 Africa,
359 821 478 880 Mauros
492 823 564 881 Juba
586 842 632 881 rex
653 823 791 894 tenebat3

131 904 160 959 ui
178 903 208 960 in
227 900 311 960 causei
329 902 529 973 belli-civilis,
559 902 595 960 ab
620 903 697 963 Julio
719 903 790 963 Cae-

108 922 169 1041 llne
189 985 298 1052 vitius,
315 1002 436 1041 mortem
450 983 505 1043 sibi
522 981 634 1063 proprii
646 985 792 1046 voluntate

109 1062 256 1123 conscivit.
281 1063 325 1122 lta
342 1064 524 1123 Mauritaniae
542 1061 641 1123 nostrae
662 1061 714 1124 effe
733 1087 793 1125 coe-

26 1141 29 1147 ’
108 1164 208 1224 petunt
224 1169 230 1202 :
247 1166 279 1202 ac
299 1165 483 1223 peromnem
503 1144 634 1204 Africam
654 1143 701 1205 sex
720 1167 792 1225 pro-

104 1227 207 1285 vincia:
221 1224 300 1284 faeta
314 1224 378 1284 sunt
390 1249 396 1282 ε
407 1224 468 1304 ipsa
477 1226 552 1295 ,ubi
565 1223 737 1308 Carthago,
753 1226 792 1286 est

107 1304 316 1386 proconsularis
328 1330 337 1377 3
350 1306 489 1365 Numidia
505 1303 660 1366 consulatis
675 1330 684 1377 3
697 1307 792 1388 Byza-

108 1390 184 1446 cium
204 1386 358 1447 consularis
372 1410 381 1457 3
398 1387 547 1466 Tripolis,
568 1396 595 1446 δι
608 1387 791 1450 Mauritania

108 1467 195 1539 dua,
222 1466 277 1528 hoc
304 1467 342 1527 est
365 1466 505 1529 Sitifensis
530 1476 557 1527 &
581 1465 791 1544 Caesariensis,

105 1547 173 1608 lunt
190 1549 355 1629 praesidales.

105 1663 107 1668 ,
149 1631 188 1690 V.
210 1630 345 1710 Htfianis
362 1634 485 1711 primum
505 1630 641 1691 auxilium
659 1629 790 1691 adversus

106 1709 194 1771 Afros
219 1733 268 1792 per
291 1713 436 1792 Scipiones
456 1712 581 1771 tulimus.
610 1712 790 1772 Rebellantes

107 1791 259 1852 Lusitanos
278 1796 307 1852 in
323 1791 464 1873 Hispani&
479 1813 528 1872 per
545 1793 700 1852 Decimum
718 1793 791 1852 Bru-

106 1892 168 1933 tum
182 1876 355 1934 obtinuimus
369 1897 378 1944 3
395 1883 421 1934 &
434 1871 522 1954 usque
534 1873 630 1934 Gades
643 1873 681 1933 ad
692 1873 791 1933 Ocea·

106 1977 176 2015 num
195 1978 273 2016 mare
290 1959 476 2036 pervenimus.
501 1952 600 2014 Postea
621 1954 659 2014 ad
676 1953 789 2034 Hispa-

107 2058 161 2096 nos
188 2039 388 2098 tumultuantes
412 2036 518 2096 Decius
550 2036 649 2096 Junius
676 2036 791 2096 Silanus

49 2155 52 2159 f
106 2139 172 2177 cum
194 2121 316 2178 exercitu
338 2115 432 2177 millus
445 2163 458 2187 ,
478 2139 527 2177 eos
547 2120 625 2178 vicit.
645 2115 788 2178 Celtiberi

105 2201 137 2258 in
157 2197 298 2279 Hispania
321 2198 390 2279 saepe
412 2199 578 2258 rebellavdre
600 2221 607 2255 t
629 2197 677 2259 sed
705 2193 788 2258 millo

104 2283 217 2358 juniore
241 2281 402 2351 Africano,
430 2302 495 2340 cum
524 2278 634 2339 excidio
657 2278 789 2338 Numan·

106 2364 151 2420 tiae
178 2360 285 2421 subacti
309 2360 381 2420 sunt.
409 2361 519 2420 Omnes
543 2360 614 2440 pene
638 2356 788 2439 Hispania

103 2445 257 2502 occasione
279 2443 347 2503 belli
367 2443 545 2511 Sertoriani,
570 2462 618 2520 per
635 2439 787 2501 Metellum

104 2531 133 2584 ἃ
151 2523 318 2605 Pompeium
337 2526 368 2583 in
381 2523 519 2583 ditionem
537 2521 659 2582 nostram
680 2540 784 2602 accep-

106 2623 140 2663 tae
163 2604 307 2685 :postea,
333 2625 489 2688 prorogato
511 2607 540 2664 in
560 2602 786 2685 quinquennium

104 2687 248 2765 imperio,
268 2685 285 2746 *a
305 2687 443 2767 Pompeio
461 2686 624 2768 perdomitae
645 2682 715 2744 sunt.
738 2682 786 2744 Ad

105 2787 262 2828 extremum
285 2790 399 2849 quoque
423 2768 459 2827 ab
482 2768 644 2827 Oebaviano
671 2761 785 2829 Caesare

105 2847 233 2933 Augusto
258 2849 398 2914 Cantabri
426 2858 455 2911 8<
477 2846 617 2919 Astures,
647 2848 696 2929 qui
721 2843 785 2906 freti
