1982 3614
211 310 280 362 nt
309 294 646 364 CAEsAittnus.
699 296 762 361 281

91 435 163 494 quos
187 414 218 473 in
236 433 346 473 tantum
369 414 572 483 affidaverat,
594 415 635 472 uti
660 413 768 473 Praeto-

91 497 178 554 rianis
205 493 309 569 caedem
336 495 414 577 vulgi
440 495 585 576 quondam
615 495 770 567 annuerit,

91 572 254 656 primusque
268 572 393 634 instituto
408 577 529 653 pessimo
543 595 690 634 munerum
709 573 772 653 spe-

92 658 135 714 cie
161 656 257 715 Patres
285 653 461 736 uiatoresque
485 660 631 736 pecuniam
656 655 771 714 confer-

92 756 122 795 re
146 736 307 818 prodigenti
331 738 383 795 sibi
406 756 526 819 cogeret.
550 737 680 813 Quorum
703 737 773 797 odio

92 817 232 876 Praetoriae
246 818 396 897 legiones,
416 832 448 876 ae
464 815 587 876 subsidia
601 817 772 878 sessionibus

92 900 229 977 aptiora,
251 898 337 976 quim
361 898 423 956 urbi
445 898 568 968 Romae,
592 896 700 957 sublata
722 919 773 977 pe-

92 978 189 1048 nittis‚
218 979 301 1036 simul
328 999 405 1037 arma
428 997 511 1059 atque
532 975 595 1037 usus
615 978 774 1039 indumenti

91 1061 233 1117 militaris.
257 1056 359 1117 Adhuc
377 1063 476 1118 cundia
500 1080 605 1139 opera,
629 1080 689 1140 quae
710 1081 773 1118 ma·

115 1137 201 1198 nificd
221 1137 428 1209 construxerat,
442 1140 531 1200 Urbis
549 1138 671 1209 fanum,
690 1158 774 1219 atque

92 1160 269 1290 basilicam,
288 1221 379 1279 Flavii
393 1222 499 1279 meritis
513 1220 607 1279 Patres
624 1217 773 1282 sacravere.

93 1301 123 1361 A
141 1322 201 1381 quo
222 1301 307 1358 etiarn
326 1299 387 1380 post
402 1299 503 1362 Circus
521 1302 660 1360 maximus
679 1301 775 1360 excul-

91 1399 140 1441 tus
158 1378 302 1451 mirifice,
329 1402 357 1439 at
378 1402 412 1439 ue
433 1381 470 1439 ad
487 1380 639 1441 lavandum
659 1378 773 1440 institu-

87 1479 157 1521 tum
172 1482 242 1541 opus
253 1403 441 1520 caeterisiiaud
454 1460 546 1522 multd
559 1459 659 1542 dispar.
673 1462 776 1533 Statua

94 1542 167 1601 locis
180 1541 267 1623 quim
282 1544 489 1614 celeberrimis,
507 1564 626 1625 quarum
640 1542 730 1622 plures
741 1564 776 1603 ex

94 1645 187 1694 auro,
209 1642 258 1682 aut
278 1642 413 1705 argentea
434 1621 520 1694 sunt3
544 1642 603 1683 turn
629 1643 677 1703 per
694 1623 776 1683 Afri-

93 1726 160 1764 cam
184 1701 370 1763 sacerdotium
393 1704 535 1766 decretum
549 1705 650 1764 Flaviae
671 1708 774 1843 (penti,

88 1785 242 1865 vCirtaeque
260 1785 365 1865 oppido
379 1786 477 1865 ,quod
494 1785 641 1845 obsidione
652 1785 678 1844 A
691 1806 777 1845 exan-

95 1866 141 1926 dri
164 1865 322 1936 ceciderat,
342 1869 464 1946 reposito
487 1885 700 1945 exornatoque,
722 1887 777 1924 no-

94 1968 165 2006 men
182 1945 370 2006 Constantina
388 1946 516 2006 inditum.
538 1943 620 2005 Adeb
638 1948 777 2024 acceptius

95 2025 323 2109 praestantiusque
351 2027 550 2107 Tyrannorum
583 2024 777 2107 depulsoribus

94 2106 171 2167 nihil
192 2106 251 2179 est,
274 2129 394 2188 quorum
452 2111 508 2168 atia
531 2105 575 2170 eb
589 2108 703 2167 demum
725 2129 777 2167 au·

96 2192 171 2249 trior
190 2192 266 2258 erit,
286 2192 309 2247 si
326 2130 451 2248 modessi
464 2192 516 2270 ipsi
533 2208 616 2271 atque
634 2188 776 2248 abstinen-

95 2289 138 2329 tes
160 2272 223 2329 sint.
241 2270 354 2348 Quippe
370 2268 499 2329 humanae
518 2290 625 2330 mentes
645 2268 776 2329 frustratae

90 2350 170 2410 boni
191 2348 258 2428 spe,
280 2348 398 2428 asperids
412 2348 610 2421 offenduntur,
633 2348 697 2408 crim
715 2370 777 2408 mu·

90 2450 159 2491 2tato
178 2434 283 2491 restore
296 2430 436 2514 flagitioso
450 2452 634 2492 aerumnarum
651 2432 693 2490 vis
714 2450 778 2489 ma·

95 2532 155 2572 uet.

140 2592 232 2653 XLI.
253 2593 332 2652 Dum
357 2591 414 2653 haec
437 2596 467 2653 in
485 2593 598 2652 Italiam
621 2610 776 2675 geruntur,
859 2609 862 2613 ·

96 2674 277 2733 Maximinus
290 2674 326 2733 ad
340 2675 508 2745 Orientem,
529 2673 589 2754 post
601 2674 709 2733 biennii
726 2695 777 2732 au·

98 2753 211 2836 gustum
234 2755 385 2833 imperium
405 2755 479 2816 fusus
504 2753 670 2836 firgamsque
692 2752 777 2814 &Li-

98 2839 203 2906 cinio,
231 2836 306 2917 apud
329 2835 450 2896 Tarsum
478 2840 557 2919 petit.
586 2837 630 2897 lta
657 2834 777 2917 potestas
