2010 3616
232 202 298 266 182
372 192 497 267 Aure.
537 195 749 265 Vrcron

227 321 306 378 tione
331 314 478 396 superavit.
500 312 713 393 [Consulatum
738 312 901 386 recusavit,

228 397 307 481 qubd
326 398 448 468 diceret,
468 417 558 477 neque
578 395 606 455 se
629 396 726 477 populi
744 398 831 466 vitia,
849 418 901 456 ne-

227 503 282 563 que
297 481 376 538 illum
391 478 564 539 severitatem
583 476 661 538 suam
675 474 750 558 polle
764 475 900 554 sufferre]

269 560 395 621 XXIX.
427 560 490 618 Reli
511 562 571 618 uias
596 559 741 619 Senonum
768 558 904 619 Camillus

228 641 451 726 persequebatur.
463 582 619 700 Adversum
633 643 778 723 ingentem
790 640 904 701 Gallum

226 742 441 805 provocatorem
461 720 536 783 solus
552 723 683 782 Valerius
699 721 841 782 Tribunus
854 725 904 781 mi⁴

227 806 333 874 lirum,
350 804 483 863 omnibus
499 805 619 874 territis,
635 804 777 882 processit.
794 801 902 863 Corvus
982 836 984 841 x

227 887 346 946 abortu
368 883 433 944 solis
456 884 541 966 galeae
562 890 619 963 ejus
642 882 769 955 insedit,
785 892 813 944 δε
837 888 904 944 inter
983 902 984 923 ἒ

227 966 411 1050 pugnandum
430 986 480 1023 ora
499 964 651 1046 oculosque
675 964 754 1025 Galli
773 964 903 1025 verbera·
983 1014 984 1033 ,

227 1051 277 1109 vit.
311 1046 401 1108 Hoste
428 1046 540 1106 devicto
562 1092 574 1115 ,
604 1047 735 1106 Valerius
765 1045 904 1106 Corvinus

230 1129 329 1190 dictus.
354 1129 411 1189 Hic
433 1173 442 1198 ‚
469 1126 533 1187 crim
558 1130 656 1210 ingens
679 1126 832 1186 multitudo
857 1147 906 1187 tere
983 1114 984 1135 ¹

229 1213 324 1270 alieno
342 1204 485 1290 oppressa,
502 1208 633 1288 Capuam
652 1229 790 1289 occupare
805 1206 905 1268 tentis·

230 1291 296 1362 set,
315 1301 341 1352 δι
362 1292 461 1350 ducem
484 1289 538 1349 sibi
559 1290 728 1367 Quintilium
748 1292 905 1349 necessitate

229 1373 407 1452 compulsum
435 1367 540 1436 fecill'er
553 1368 695 1442 ,sublato
718 1390 768 1431 aere
789 1371 904 1439 alieno,
983 1414 984 1447 p

229 1452 395 1514 seditionem
417 1453 588 1534 compressit.

270 1533 376 1593 XXX.
398 1532 487 1594 Caius
502 1534 653 1604 Veturius,
674 1540 702 1592 &
715 1531 830 1630 Spurius
840 1529 905 1594 Pos·

229 1617 334 1677 tumius
350 1613 492 1676 Consules
508 1614 615 1677 beilum
634 1613 779 1674 adversum
798 1615 906 1676 Samni·

229 1712 272 1756 tes
282 1716 427 1779 gerentes,
447 1693 464 1754 d
476 1694 581 1755 Pontio
591 1692 747 1754 Thelesino
761 1695 832 1756 duce
845 1691 907 1753 hos·

232 1779 304 1838 tium
326 1782 356 1838 in
380 1777 496 1838 insidias
520 1776 633 1837 deducii
661 1773 732 1836 sunt.
760 1777 840 1839 Nam
864 1775 907 1835 ille

233 1861 380 1919 simulatos
407 1856 567 1940 transfugas
588 1859 685 1926 misit,
707 1859 758 1938 qui
775 1858 907 1917 Romanis

232 1940 377 2012 dicerent,
400 1941 548 1999 Luceriam
562 1938 686 2017 Apulam
706 1936 723 1997 ὲ
739 1938 908 1999 Samnitibus

232 2022 376 2093 obsideri,
395 2018 453 2102 qub
466 2021 522 2079 duo
541 2021 640 2079 itinera
658 2017 820 2092 ducebant,
839 2015 909 2077 aliud

231 2102 347 2183 lougius
368 2111 394 2161 &
414 2104 519 2171 tutius,
539 2099 616 2161 aliud
633 2100 742 2161 brevius
759 2109 787 2160 δι
808 2102 909 2181 pericu·

232 2183 327 2242 losius.
355 2180 559 2242 Festinantibus
587 2183 627 2240 ita
647 2202 682 2240 ue
708 2179 773 2241 ctim
801 2180 908 2241 insidias

234 2259 392 2334 statuill'et,
421 2264 496 2343 (qui
522 2263 600 2321 locus
627 2203 651 2321 l

232 2345 408 2420 vocabatur)
429 2345 564 2413 Pontius,
585 2344 706 2403 accitum
729 2362 840 2423 patrem
855 2341 910 2401 He·

234 2429 362 2486 rennium
381 2427 493 2508 rogavit
512 2470 522 2495 ,
543 2424 613 2504 quid
635 2421 694 2485 fieri
713 2425 846 2504 placeret.
865 2421 910 2482 ille

234 2511 295 2580 ait,
314 2522 362 2568 aut
379 2528 477 2567 omnes
495 2503 685 2575 occidendos,
701 2524 731 2565 ut
748 2509 822 2566 vires
840 2503 911 2563 fran·
982 2526 983 2553 r

236 2604 365 2671 gerentur
385 2611 395 2660 3
414 2608 464 2649 aut
477 2608 576 2646 omnes
593 2585 799 2658 dimittendos,
817 2604 847 2645 ut
866 2585 912 2643 be·

236 2667 338 2728 neficio
359 2670 552 2753 obligarentur
575 2691 581 2725 :
609 2686 729 2748 utroque
755 2665 913 2748 improbato
982 2668 983 2675 ’

236 2751 377 2823 consilio,
395 2770 495 2811 omnes
512 2747 564 2811 sub
588 2753 688 2832 jugum
707 2750 786 2810 misit
806 2769 840 2809 ex
859 2744 912 2807 foe·

653 2262 752 2322 urculae
778 2261 909 2323 Caudina
982 2256 983 2281 l
