2010 3616
217 222 904 299 ee--ssa‘ssfflmv

280 353 470 422 rrnrrt
522 333 838 422 ocTAVus.

418 502 703 605 CAruTr

220 634 399 751 ANNO
426 708 556 747 occet.
583 685 620 747 ab
644 686 725 749 Urbe
750 685 899 760 conditi,

216 768 320 829 Vetere
333 778 361 830 8(
374 769 501 842 Valente·
509 766 707 839 Consulibus,
726 766 899 849 Respublica

217 850 254 910 ad
268 849 483 931 prosperrimum
495 848 598 909 statum
610 849 693 910 rediit
706 896 715 921 ,
727 849 811 910 bonis
823 849 901 910 Prin·

218 932 325 1009 cipibus
347 933 456 1013 ingenti
484 929 618 989 felicitate
643 926 801 990 commill'a.
830 931 898 990 Do·

216 1014 338 1073 mitiano
359 1014 460 1083 enim,
476 1012 614 1071 exitiabili
635 1031 779 1092 tyranno,
803 1010 898 1072 Nerva

217 1090 370 1164 suecessit,
391 1095 435 1154 vir
460 1095 490 1151 in
517 1090 625 1171 privati
649 1091 709 1152 viti
736 1090 899 1153 moderatus

219 1182 247 1234 δι
261 1171 408 1245 strenuus,
430 1173 586 1233 nobilitatis
602 1172 701 1234 mediat
716 1195 726 1245 3
747 1176 799 1255 qui
817 1170 902 1234 senex

218 1253 398 1326 admodum,
425 1275 541 1335 operam
571 1252 655 1313 dante
685 1254 820 1315 Petronio
847 1253 901 1315 Se-

219 1336 335 1407 cundo,
359 1334 488 1416 praefecio
510 1337 662 1416 pastorio,
685 1337 753 1394 item
777 1332 902 1395 Parrhe-

217 1419 297 1487 nio,
323 1414 499 1476 interfectore
531 1414 718 1487 Domitiani,
742 1414 900 1496 Imperator
998 1488 999 1499 χ

219 1495 309 1557 faetus
322 1494 513 1577 aequissimum
530 1494 559 1556 se
575 1506 604 1557 δε
620 1497 817 1557 civilissimum
831 1518 903 1580 prae-

219 1577 290 1637 buit.
307 1576 479 1659 Reipublicae
499 1577 596 1636 divina
615 1579 776 1658 provisione
799 1576 904 1639 consu-

217 1658 295 1729 luit,
318 1657 476 1737 Trajanum
501 1658 675 1739 adoptando.
704 1659 838 1719 Mortuus
865 1658 905 1719 est

183 1766 187 1775 ¹
218 1737 320 1799 Romae
335 1737 396 1819 post
413 1759 520 1800 annum
535 1746 563 1800 δι
581 1758 700 1820 quatuor
715 1737 831 1800 menses
847 1742 905 1801 im-

219 1822 289 1901 perii
314 1817 380 1892 sui,
399 1841 439 1881 ac*
459 1819 518 1881 dies
544 1823 637 1891 ost05
667 1823 754 1881 aetaus
775 1841 852 1880 ixx.
874 1829 906 1881 δε

114 1918 124 1933 '
219 1902 309 1963 altero
327 1923 404 1963 anno
418 1923 425 1961 z
440 1921 524 1983 atque
540 1902 612 1961 inter
624 1902 716 1962 Divos
734 1903 836 1962 relatus
853 1901 901 1965 est.

259 1983 302 2043 II.
325 1984 462 2044 Successit
480 1985 507 2040 ei
525 1983 630 2062 Ulpius
650 1981 778 2044 Crinitus
793 1981 901 2064 Traja-

218 2084 295 2134 nus,
317 2084 399 2125 natus
425 2062 530 2124 ltalicae
554 2065 584 2123 in
604 2059 766 2144 Hispanii,
791 2061 905 2125 familia

219 2142 345 2225 antiqui¹
354 2146 446 2228 magis
460 2142 546 2226 quim
561 2143 634 2204 clarit
649 2167 656 2200 t
671 2165 739 2204 nam
753 2163 831 2226 pater
844 2151 906 2225 ejus

218 2225 342 2304 primtim
353 2223 464 2286 Consul
477 2225 539 2286 fuit.
552 2224 707 2305 Imperator
720 2227 905 2307 autemapud

137 2368 143 2377 ,
209 2304 408 2401 Agrippinam
428 2309 457 2366 in
476 2307 581 2368 Galliis
600 2306 691 2366 factus
708 2305 756 2366 est.
775 2307 906 2387 Rempu-

220 2385 326 2448 bhcam
338 2389 378 2451 ita
393 2384 598 2449 administravit
611 2433 621 2459 ,
635 2406 665 2446 ut
677 2388 811 2448 omnibus
823 2390 906 2468 prin-

220 2470 329 2550 cipibus
345 2464 447 2529 metiti>
463 2469 630 2550 praeferatur.
646 2468 789 2529 inusitata
809 2470 906 2528 civili-

220 2554 284 2612 tatis
301 2561 329 2613 &
347 2550 518 2611 fortitudinis
538 2550 601 2611 fuit.
621 2549 748 2610 Romani
768 2551 905 2630 imperii,

219 2632 299 2712 quod
317 2632 378 2714 post
390 2631 552 2716 Augustum
566 2630 713 2692 defensum
733 2633 826 2714 magis
844 2630 909 2690 fue-

219 2732 263 2772 rat
283 2760 292 2784 ,
325 2709 410 2795 quim
442 2715 575 2774 nobiliter
603 2714 771 2793 ampliatum
791 2757 801 2783 ,
834 2709 907 2773 fines

221 2793 307 2878 longe
320 2795 430 2877 lateque
442 2792 556 2857 diffudit
568 2817 574 2853 :
588 2794 668 2863 urbes
680 2814 755 2857 trans
766 2789 905 2858 Rhenum
