1972 3624
182 292 191 303 ·
253 281 645 354 Butuntum.
724 305 786 374 3⁷5

104 399 157 464 sed
181 398 330 463 confirsum
352 399 446 461 subitd
464 421 556 461 morte
579 403 674 463 amissi
695 402 794 483 Impe-

102 484 232 554 ratoris,
256 479 376 562 suscepit
401 486 564 545 exercitum.
597 481 674 544 Cum
706 505 791 544 com·

103 583 217 624 meatus
238 560 409 635 deficerent,
433 571 460 624 ἃ
481 567 527 623 via
549 566 578 623 in
596 564 687 624 reditu
710 566 816 644 proii-'

102 648 172 705 xior
190 645 375 714 immineret,
398 653 426 704 ἃ
446 642 536 707 Persae
556 645 657 705 crebris
677 648 794 707 excursi-

102 725 159 785 bus
179 745 253 784 nuuc
270 722 286 783 ὲ
303 723 416 795 fronte,
437 747 511 784 nunc
530 723 547 784 i
563 745 665 809 tergo,
685 726 794 786 medio-

101 826 171 865 rum
186 825 300 887 quoque
318 805 403 864 lutera
418 803 612 877 incursantes,
632 809 686 865 iter
701 810 794 887 agmi-

83 916 85 920 ·
100 889 149 946 nis
161 906 355 955 morarentur3
366 883 539 966 consumptis
553 887 663 967 aliquot
678 873 792 961 diebus,

102 984 186 1028 tanta
204 967 355 1026 reverentia
379 966 505 1026 Romani
522 970 647 1027 nominis
668 967 745 1038 suit,
761 988 792 1032 ut

102 1045 120 1108 d
140 1049 233 1109 Persis
250 1049 355 1128 primus
371 1045 406 1106 de
423 1068 490 1127 pace
511 1045 605 1106 sermo
623 1046 790 1121 haberetur,

101 1151 137 1190 ac
154 1129 252 1189 reduci
272 1124 417 1187 confessus
440 1126 533 1188 inediti
554 1131 689 1209 exercitus
712 1133 789 1190 sine-

101 1230 206 1281 retur3
228 1208 440 1268 conditionibus
463 1208 566 1289 (quod
584 1231 730 1292 nunquam
743 1233 793 1273 au·

90 1290 150 1352 ⁸tub
173 1288 303 1364 accidit)
327 1287 511 1368 dispendiosis
534 1290 670 1350 Romanae
694 1294 789 1371 reipu-

101 1371 186 1432 blicae
205 1371 369 1447 impositis,
388 1389 419 1428 ut
434 1371 542 1430 Nisibis
558 1379 585 1430 &
603 1392 664 1457 pars
684 1369 788 1435 Meso·

101 1455 242 1534 potamiae
262 1451 435 1509 traderetur:
454 1451 581 1532 quibus,
604 1451 732 1532 cupidior
750 1475 792 1514 re·

102 1535 157 1615 gni
181 1578 190 1603 ,
222 1528 309 1611 qu'anr
341 1532 459 1613 gloriae,
485 1531 646 1603 Joviano,
670 1535 791 1613 imperio

100 1613 208 1683 rudis,
231 1611 384 1693 adquievit.
411 1610 508 1689 Quim
527 1633 636 1695 magno
660 1613 791 1695 deinceps

101 1714 154 1754 ore
174 1712 222 1753 tua
235 1737 244 1763 ,
258 1714 277 1751 o
296 1691 428 1772 Princeps
447 1695 572 1765 invidie,
592 1692 665 1753 fasta
684 1696 792 1776 inclyta

101 1772 170 1834 sunt
188 1771 392 1852 personandas
413 1774 596 1853 quibusme,
620 1773 686 1833 licdt
701 1776 791 1855 impa-

100 1872 165 1914 rem
182 1852 296 1929 dicendi
310 1849 392 1922 nisu,
407 1861 433 1915 δι
448 1875 508 1912 aevo
522 1855 701 1936 graviorem,
721 1875 792 1934 prae·

100 1934 235 2015 parabo:
252 1953 366 1992 maneat
383 1930 473 1992 modd
489 1930 613 1993 concessa
627 1934 684 1994 Dei
697 1954 788 2008 nutu,

101 2023 130 2076 δι
148 2015 186 2074 ab
204 2015 298 2073 amico
310 2057 319 2083 ,
332 2015 378 2072 tui
393 2012 482 2073 credis
496 2023 524 2074 &
538 2014 658 2075 credims
673 2035 723 2086 es,
736 2036 790 2077 nu·

100 2099 182 2156 mine
202 2093 312 2153 indulta
333 2092 476 2165 felicitas,
491 2113 522 2154 ur
538 2094 574 2154 ad
592 2093 665 2155 hanc
681 2097 787 2180 ingen-

100 2191 163 2237 tem
193 2173 228 2233 de
256 2170 395 2243 Gothis,
424 2176 510 2234 etiam
539 2175 710 2236 Babilouicae
733 2176 788 2237 tibi

100 2256 199 2336 palma
221 2256 297 2334 pacis
317 2253 433 2315 decedat
446 2300 455 2326 ,
469 2255 678 2340 gloriosissime
701 2257 787 2321 Prio-

102 2337 200 2419 cipum
216 2335 327 2397 Valens
345 2334 478 2419 Auguste.

338 2526 542 2591 FINIS.
