1972 3624
184 262 252 316 nn
289 247 615 320 CAESAnrnus
667 256 737 339 287

55 357 256 422 Constantium
275 359 460 457 transgressu,
479 359 602 443 pedestre
623 361 658 422 ad
677 384 741 424 ma·

58 439 201 581 gisterium
232 442 436 529 adolescentior
462 462 610 503 meruerat.
634 443 741 525 Equo

80 543 126 580 um
155 521 238 583 altitls
264 545 312 604 per
338 545 471 597 metum,
493 523 541 584 seu
567 523 741 584 dementiam

60 600 282 676 conscendisset,
294 606 460 687 legionum,
477 602 494 664 ir
506 603 568 686 quis
582 606 740 686 praesidium

60 680 243 763 speraverat,
271 687 412 757 tumultu,
441 688 572 747 octavum
602 688 676 746 circa
706 707 740 746 ac

59 766 226 825 vicesimum
242 766 318 826 diem
334 765 484 826 trucidatus
503 764 551 825 est.
575 765 641 842 Qui
657 765 743 828 causis

59 864 96 904 ne
125 845 196 926 quid
225 847 299 926 apud
333 846 433 908 Gallos
462 844 562 907 natur&
590 850 742 927 praecipites

59 945 235 996 novaretur,
260 925 409 1007 praesertim
435 927 586 989 Germanis
612 928 741 1008 pleraque

60 1026 158 1065 earum
185 1009 306 1089 partium
339 1009 564 1089 populantibus,
597 1009 741 1070 lulianum

60 1085 238 1159 Caesarem,
268 1091 438 1172 cognatione
469 1109 613 1169 acceptum
648 1091 702 1149 sibi
727 1135 741 1160 ,

59 1165 256 1249 Transalpinis
277 1168 400 1250 praesecit
419 1194 427 1228 s
446 1168 473 1230 is
490 1191 524 1229 ue
543 1171 671 1229 nationes
693 1168 742 1229 fe-

59 1268 104 1308 ras
120 1249 200 1309 brevi
218 1246 350 1334 subegit,
365 1253 452 1330 captis
469 1193 586 1310 limosis
604 1250 740 1332 Regibus.

60 1328 135 1406 Quae
160 1351 333 1411 quamquam
356 1333 387 1390 vi
413 1335 471 1409 ejus
482 1378 500 1411 ³.
518 1328 630 1389 fortuni
656 1331 741 1391 Prin-

61 1411 131 1470 ciis
162 1429 259 1470 tamen
289 1421 317 1472 8<
344 1413 463 1471 consilio
489 1410 623 1470 accidire.
655 1411 744 1488 Quod

62 1431 137 1550 adei>
158 1489 292 1571 praestat,
320 1510 350 1551 nt
376 1491 535 1561 Tiberius,
559 1490 743 1573 Galeriusque

63 1568 183 1650 subjecti
200 1573 262 1632 aliis
280 1575 393 1666 egregia
409 1573 558 1670 pletacpue,
576 1570 626 1631 suo
648 1593 742 1633 autem

64 1651 153 1712 dusiu
176 1673 259 1733 atque
279 1652 332 1713 aus
347 1655 402 1713 icio
424 1660 516 1713 minus
536 1655 616 1733 paria
637 1656 744 1734 experti

63 1729 137 1793 sunt.
159 1732 199 1792 At
216 1734 305 1794 Julius
319 1674 503 1795 donstantius
520 1755 609 1794 annos
627 1752 680 1795 tres
700 1753 744 1794 at-

63 1834 119 1953 pue
144 1816 247 1896 viginti
272 1812 430 1898 Augustum
452 1816 602 1893 imperium
622 1832 743 1895 regens,

83 1917 134 1955 um
161 1896 280 1955 extemis
310 1895 465 1965 motibus,
499 1892 588 1952 modd
616 1894 745 1954 civilibus

63 1992 227 2045 exercetur,
246 1976 320 2058 aegri
339 1975 375 2035 ab
396 1977 481 2034 armis
499 1971 582 2034 abest.
602 1972 675 2049 Quis
693 1993 743 2055 ty·

64 2055 184 2116 rannide
197 2074 338 2116 tantorum
359 2054 492 2136 depulsi,
510 2052 685 2135 sustentoque
703 2057 746 2115 in-

65 2139 151 2196 terim
172 2134 318 2197 Persarum
343 2138 472 2217 impetu‚
517 2137 575 2194 enti
598 2135 744 2196 Sarmata·

65 2237 130 2278 rum
141 2262 154 2286 ‚
172 2238 279 2299 magno
299 2217 397 2277 decore
417 2157 563 2276 considens
583 2215 656 2296 apud
673 2237 745 2288 eos,

65 2297 181 2382 Regem
196 2297 280 2358 dedit.
300 2297 389 2374 Quod
404 2296 517 2358 Cneum
535 2296 702 2377 Pompeium
716 2299 746 2358 in

66 2377 197 2462 Tigrane
216 2375 355 2438 restituisse
365 2424 375 2450 ,
394 2380 497 2459 vixque
524 2398 626 2456 paucos
649 2382 744 2454 majo·

65 2479 130 2518 rum
162 2456 254 2518 fecisse
285 2460 480 2539 comperimus.
509 2457 660 2527 Placidus,
684 2455 745 2514 cle-

67 2536 206 2619 mensque
228 2560 278 2619 pto
300 2541 439 2622 negotio,
461 2538 612 2596 litterarum
633 2535 670 2595 ad
689 2537 747 2595 ele·

88 2621 199 2679 antiam
225 2621 374 2700 prudens;
403 2638 487 2700 atque
514 2617 615 2677 orandi
645 2637 747 2699 genere

67 2640 125 2759 leni
150 2701 349 2783 jucundoque3
370 2700 474 2759 laboris
493 2699 618 2778 patiens,
635 2720 668 2757 ac
687 2696 747 2758 des·

67 2779 181 2841 tinnndi
200 2779 316 2866 sagittas
337 2782 407 2841 miri
427 2799 596 2864 promptus3
616 2780 673 2839 cibi
685 2801 749 2840 om·
