2010 3616
202 281 266 343 128
349 276 738 342 Trsrrnourn.

196 397 244 456 ille
257 393 386 454 Aurelius
396 393 501 453 viceor
510 438 520 465 ‚
534 394 583 473 qui
601 412 664 450 cum
679 391 891 450 Valentiniano
998 432 999 437 κ

199 485 297 547 consul
309 485 364 548 fuit
375 507 452 546 anuo
465 487 553 547 Urbis
566 503 726 546 crucxxrr.
740 485 784 544 Ac
797 486 890 569 longe

200 581 293 644 mimis
311 584 451 666 ambigo,
469 585 538 665 quin
557 582 634 642 idem
654 584 690 643 sit
707 576 833 650 Viilor,¹
852 581 890 641 de

201 681 315 761 quotie
336 679 505 740 Ammianus
527 679 718 740 Marcellinus'
732 678 781 738 lib.
804 698 889 737 xxr.

199 781 352 853 Imperator
360 783 373 850 (
381 777 583 853 Constantius)
596 782 741 842 reuertitur
751 777 890 852 Naffum,

201 877 336 956 copioficm
350 880 476 954 oppidum
488 904 500 938 .·
512 878 563 956 qui
582 881 645 939 inde
657 878 780 954 expediti
795 883 892 938 cunila
1000 902 1001 905 ¹

201 976 350 1055 disponeret
370 977 435 1056 fitis
456 979 623 1040 utilitatibus
642 980 786 1062 profutura
810 1003 820 1037 ε
843 976 893 1036 ubi

198 1074 345 1138 «Viuomn
365 1080 438 1152 apud
453 1075 589 1137 Sirmium
607 1076 696 1155 vifitm
708 1123 719 1147 ,
731 1071 894 1154 scriptorem
917 1086 922 1093 '

202 1175 378 1257 historicum,
393 1178 490 1236 exinde
510 1178 603 1238 vcnire
621 1174 800 1252 pracceptum,
811 1174 895 1233 Pan·

204 1270 292 1328 nonin
303 1267 426 1346 sccundae
447 1270 616 1349 Consularem
629 1271 771 1348 pracfecit,
792 1266 819 1328 ἃ
840 1268 895 1327 lto·

204 1362 317 1421 nortvit
334 1365 407 1422 aeneti
418 1365 530 1445 statuti,
549 1367 641 1426 uirum
651 1363 813 1442 sobrietatis
829 1386 896 1442 gra·

206 1457 249 1514 tit
269 1459 478 1531 multilaudum,
499 1463 585 1522 multi
603 1463 661 1543 pust
688 1460 760 1520 Urbi
779 1460 896 1537 prajic-

206 1569 270 1608 tum.
289 1549 385 1632 Atque
398 1573 432 1610 eo
448 1573 480 1612 ex
498 1555 564 1613 loco
580 1555 664 1614 simul
678 1551 897 1637 cognoscimus,

207 1638 265 1721 qub
282 1642 403 1715 virtute,
421 1652 448 1704 &
464 1642 643 1711 honestarum
660 1647 762 1706 artium
777 1642 901 1715 studiis,
1003 1628 1004 1693 Ῐ

206 1736 369 1816 pertigerit,
389 1737 455 1797 licet
471 1761 530 1798 rure
551 1759 646 1811 ortus,
665 1741 788 1817 tenuique
808 1735 835 1799 ἃ
853 1739 900 1798 in·

208 1840 282 1897 doilo
299 1856 404 1911 patre,
425 1858 455 1898 ut
475 1837 533 1919 ipse
555 1840 590 1899 de
610 1838 639 1900 se
661 1840 816 1899 Victoria
840 1838 898 1898 Se·

208 1948 275 1987 vero
299 1925 402 1989 scribit.
428 1930 545 1991 Exstant
570 1929 650 2012 hujus
680 1920 805 1992 Victoris
835 1931 902 1991 libri

210 2022 275 2082 duo.
297 2022 377 2081 Prior
396 2022 434 2083 est
454 2025 487 2084 de
508 2027 586 2085 Viris
604 2023 757 2085 illustribus
775 2023 793 2083 ‘a
810 2025 903 2086 Proca

211 2114 298 2197 usque
316 2115 352 2176 ad
372 2117 479 2179 lulium
500 2117 668 2191 Caesarum,
688 2120 738 2200 qui
758 2119 803 2178 vel
825 2116 903 2179 Cor-

212 2218 288 2275 nelio
313 2215 448 2297 Nepoti,
470 2219 515 2279 vel
539 2219 633 2279 Plinio
659 2217 903 2289 Novocomensi,

211 2310 257 2367 vel
273 2309 408 2369 Suetonio
429 2311 515 2371 etiam
533 2309 605 2372 fulsi)
624 2312 711 2372 tribui
728 2309 807 2371 solet.
823 2311 905 2371 Alter

213 2403 338 2461 continet
366 2403 438 2462 vitas
463 2400 604 2463 Caesarem
626 2402 713 2484 usque
739 2400 775 2461 ad
795 2400 907 2485 ,luliuui

215 2497 327 2558 tertium
352 2494 538 2557 consulatum.
560 2497 616 2557 His
635 2498 739 2558 libellis
758 2499 907 2578 praemitti-

212 2610 257 2652 tur
281 2592 369 2672 Origo
389 2594 480 2672 gentis
502 2592 639 2652 Romanu.
668 2591 725 2652 Sed
748 2613 796 2650 cur
819 2613 906 2652 com-

214 2691 433 2752 mentatiuncula
460 2690 532 2752 istaec
557 2694 650 2753 minus
676 2691 803 2752 credatur
829 2689 908 2770 ejus·

215 2775 280 2847 dem
301 2783 353 2846 elle
376 2787 530 2861 Visioris‚
551 2787 699 2849 verisimile
722 2784 793 2846 facit
811 2786 911 2847 titulus
