2010 3616
223 272 289 354 176
361 264 490 334 Aua.
522 263 744 333 Vrcroa

220 406 327 467 magno
346 387 437 464 pretio
459 384 583 443 dandum
604 384 710 463 populo
728 383 851 453 curavit,
867 399 897 442 ut

221 465 274 542 hac
298 463 400 544 injurii
424 466 503 544 plebs
533 485 645 546 agros,
666 486 727 525 non
753 463 897 524 seditiones

222 547 334 606 coleret.
355 545 395 605 Fr
417 567 435 605 o
454 545 471 604 ὲ
490 545 732 626 Tribunoplebis
745 546 834 604 Decio
853 545 896 603 die

222 626 319 697 dius,
341 625 376 707 ad
426 625 519 686 olscos
537 631 691 698 concessit,
712 625 814 708 eosque
830 624 897 684 duce

222 711 304 771 Attio
329 707 430 785 Tullo*
446 707 576 768 adverstis
599 708 747 767 Romanos
774 710 893 766 concita-

221 793 264 850 vit
288 834 297 859 ‚
324 798 351 848 ὃ(
379 789 415 849 ad
468 809 578 848 uanum
610 790 645 848 ab
670 790 752 850 Urbe
779 787 894 869 lapidem

223 868 309 930 castra
328 868 429 949 posuit.
444 811 577 951 dumque
596 870 678 929 nullis
699 873 803 930 civium
824 870 898 954 lega·
986 864 987 939 J

223 951 349 1011 tionibus
372 949 579 1022 flecteret-arsa
597 949 718 1010 Vetutilt
740 971 827 1010 matre
843 958 898 1021 ‚·&

224 1030 384 1091 Volumni&
400 1053 485 1092 uxore
505 1051 699 1091 matronarum
717 1053 835 1091 numero
854 1053 900 1091 co·

225 1112 325 1173 mitati
347 1133 465 1184 motus,
486 1111 587 1173 omillo
605 1112 704 1182 bello,
729 1131 760 1171 ut
779 1113 901 1194 proditor

225 1191 332 1255 occisus
346 1192 392 1253 est.
413 1194 459 1255 lbi
476 1195 614 1275 templum
629 1194 758 1257 Fortunat
778 1195 903 1255 muliebri

226 1273 407 1336 constitutum
430 1273 478 1337 est.

266 1356 339 1416 XX.
363 1357 466 1416 Fabius
483 1355 636 1417 Ambustus
656 1379 689 1417 ex
708 1357 817 1418 duabus
837 1355 903 1416 filia-

226 1437 278 1497 bus
302 1438 420 1496 altetam
443 1439 556 1498 Licinio
576 1439 689 1498 Stoloni
709 1439 842 1517 plebeio,
861 1438 902 1496 al-

227 1537 317 1576 teram
343 1519 420 1577 Aulo
456 1520 582 1598 Sulpicio
610 1523 731 1600 patricio
758 1524 842 1598 conju
863 1540 903 1577 em
986 1544 987 1551 ¹

228 1597 314 1658 dedit.
335 1599 466 1674 Quarum
485 1600 597 1678 plebeia
610 1599 673 1660 etim
691 1598 818 1660 sororem
838 1541 905 1660 lilu-
986 1610 987 1629 ¹

229 1697 298 1738 taret
318 1725 328 1750 ‚
350 1684 427 1757 cujus
453 1682 496 1739 vir
515 1680 659 1740 Tribunus
683 1682 812 1741 militatis
836 1703 904 1739 con*

229 1757 314 1819 sulari
332 1758 465 1841 potestate
486 1781 568 1832 etat,
590 1760 678 1822 fasces
695 1762 822 1822 lidlorios
842 1761 908 1821 fori·

230 1841 283 1904 bus
297 1844 437 1922 appositos
457 1843 616 1902 indecenter
634 1846 754 1924 expavit.
770 1845 800 1902 A
819 1842 910 1902 sorore

229 1920 335 1992 irrisa,
357 1926 458 1983 marito
482 1922 578 2004 questa
601 1922 640 1982 est
662 1947 671 1980 ε
691 1927 741 2005 qui
764 1924 911 2004 adjuvante
985 1962 986 1967 κ

231 2001 349 2073 socero,
375 2005 539 2084 ut-ptimtim
559 2007 731 2064 tribunatum
745 2006 836 2089 plebis
859 2005 909 2063 ad·
985 2054 986 2071 ,

232 2081 335 2165 grell'us
358 2083 418 2154 est,
438 2087 532 2167 legem
554 2087 640 2156 tulit,
662 2107 693 2146 ut
712 2086 781 2144 alter
805 2085 912 2146 Consul
985 2080 986 2087 ἵ

233 2185 266 2222 ex
288 2164 368 2243 plebe
393 2186 536 2226 crearetur.
558 2168 638 2236 Lex,
660 2164 800 2225 resistente
821 2167 912 2248 Appio
985 2224 986 2243 p

232 2244 380 2317 Claudio,
403 2246 461 2305 lata
477 2268 597 2318 tamen3
620 2256 647 2306 &
667 2251 773 2327 primus
791 2249 913 2307 Licinius

233 2325 316 2385 Stolo
340 2324 451 2386 Consul
474 2327 572 2393 focius.
593 2327 674 2387 Idem
696 2331 789 2411 legem
815 2327 913 2399 scivit,

233 2427 270 2467 ne
293 2409 339 2465 cui
380 2402 472 2466 lebeio
491 2410 551 2486 plus
569 2411 724 2507 quingenta
743 2414 843 2492 jugera
857 2411 914 2492 agri

235 2484 337 2548 habete
359 2428 461 2547 iicetet.
475 2490 524 2570 *Et
543 2490 601 2569 ipse
626 2512 689 2548 cum
710 2495 808 2572 jugera
830 2495 913 2571 quin-

235 2589 321 2651 genta
344 2565 460 2628 habetet
480 2614 491 2640 ,
512 2579 541 2629 δι
565 2571 651 2629 altera
675 2573 845 2650 emancipati
868 2570 917 2631 filii

234 2653 352 2711 nomine
375 2650 549 2729 possideret,
574 2654 604 2711 in
624 2652 762 2729 judicium
781 2671 922 2722 vocatus,

236 2733 386 2806 &primus
408 2736 539 2791 omnium
558 2729 607 2790 sud
627 2732 690 2811 lege
710 2735 826 2830 punitus
844 2731 890 2792 est.

275 2809 368 2871 ΧΧΙ.
382 2812 505 2894 Populus
524 2799 672 2874 Romanus
690 2835 755 2872 curn
774 2811 920 2876 seditiosos
983 2816 984 2851 ³
