2010 3616
270 281 455 354 linuit
491 286 535 352 X.
680 307 740 350 ιιι

55 400 159 467 Caesar
171 398 283 464 occisus
297 401 338 463 eli
355 427 361 459 :
377 405 421 462 vit
436 401 534 463 natural
551 400 648 473 fetus,
668 411 695 464 &
711 403 749 463 ad

55 484 240 566 tyrannidem
261 486 399 563 pronior,
424 485 448 542 si
468 482 518 543 luo
537 489 595 562 jure
613 485 749 562 imperare

57 562 189 627 lieuiffet.
219 565 349 625 Silvanus
377 585 491 645 quoque
523 567 552 625 in
578 563 675 625 Gallii
706 586 748 625 res

58 669 150 707 novas
172 646 311 716 molitus,
332 663 397 705 ante
415 645 491 705 diem
511 648 687 729 trigesimum
704 667 749 707 ex·

60 731 166 789 tinctus
184 724 233 789 est.

101 808 201 869 XIV.
224 805 361 888 Solusque
379 807 410 867 in
428 808 548 886 imperio
562 807 695 867 Romano
714 829 749 868 eo

62 909 193 970 tempore
212 887 396 949 Constantius
414 889 589 967 Princeps&
610 888 751 971 Augustus

63 970 128 1031 fuit.
156 971 232 1030 Mox
257 969 402 1029 lulianum
422 967 564 1030 Caesarem
585 969 620 1029 ad
639 970 751 1033 Gallias

66 1053 171 1121 misit,
195 1050 348 1131 patruelem
376 1048 477 1121 suum,
501 1050 582 1110 Galli
608 1050 749 1110 fratrem:

67 1132 173 1192 traditi
197 1133 225 1189 ei
251 1133 281 1190 in
305 1132 520 1190 matrimonium
540 1128 659 1201 sorote3
686 1131 751 1191 etim

69 1215 159 1273 multa
186 1212 292 1292 oppida
312 1211 425 1272 barbari
447 1207 668 1294 expugnltllent,
696 1213 753 1273 alia

68 1294 255 1362 obsiderent,
280 1293 384 1374 ubique
414 1291 492 1352 foeda
517 1290 630 1352 vastitas
658 1290 752 1369 ellet,

70 1374 294 1454 Romanumque
320 1375 468 1453 imperium
494 1395 553 1433 non
580 1370 666 1433 dubii
692 1380 752 1452 jam

72 1457 233 1516 calamitate
257 1474 365 1513 nutaret
383 1478 389 1511 :
410 1454 427 1513 ὲ
450 1475 508 1535 quo
530 1453 650 1515 modicis
665 1458 754 1535 copiis

73 1537 146 1617 apud
170 1536 413 1675 ArFentotatum,
435 1534 536 1596 Galliae
557 1535 677 1606 urbem,
702 1539 750 1596 in-

75 1636 170 1701 gentes
183 1617 209 1676 A
224 1637 408 1679 amaunotum
423 1619 509 1696 copiae
523 1619 650 1678 extinelae
663 1615 727 1676 sunt
741 1664 751 1689 ,

75 1719 118 1758 tex
138 1698 331 1758 nobilissimus
351 1717 447 1776 captus
467 1720 473 1754 :
493 1698 595 1758 Gafliae
615 1697 751 1760 restituta.

75 1778 169 1839 Multa
188 1776 283 1859 postea
299 1798 346 1859 pet
364 1777 484 1837 eundem
503 1779 647 1839 Julianum
667 1799 751 1918 efte-

77 1861 122 1944 gie
149 1858 296 1921 adversum
316 1860 448 1919 barbatos
462 1857 546 1999 gesta
568 1857 658 1919 sunt:
695 1860 752 1918 ub·

79 1944 149 2001 moti
170 1962 204 2000 ue
222 1941 294 1999 ultra
313 1938 445 2001 Rhenum
492 1941 623 2011 omani,
645 1949 672 2000 δι
689 1938 755 2000 lini·

79 2021 129 2083 bus
143 1964 198 2082 litis
212 2021 376 2081 Romanum
395 2021 548 2101 Imperium
565 2018 728 2080 nstitutum.

117 2102 189 2163 XV.
211 2100 314 2182 Neque
333 2099 423 2161 multo
440 2099 525 2181 post,
547 2100 610 2161 etim
628 2103 752 2164 Germa-

80 2184 183 2244 niciani
197 2186 330 2242 exercitus
348 2180 533 2244 itGalliatum
552 2184 678 2263 prasidio
693 2186 752 2244 tol·

80 2263 217 2336 letentur,
238 2261 374 2323 consensu
387 2265 509 2323 militum
524 2265 649 2325 Julianus
665 2265 755 2327 fanus

81 2344 218 2428 Augustus
238 2344 276 2403 est
295 2368 301 2401 z
323 2347 521 2426 interjestoque
539 2367 639 2417 anno,
660 2345 696 2405 ad
716 2346 756 2405 ll-

82 2424 196 2503 lytitum
206 2424 392 2485 obtinendum
406 2424 567 2506 profecius,
583 2425 756 2488 Constantio

83 2503 216 2565 Parthicis
241 2506 322 2566 bellis
340 2525 478 2586 occupato
498 2530 505 2564 :
527 2509 578 2588 qui
598 2507 679 2566 rebus
702 2529 756 2565 co·

85 2587 194 2677 gultis,
218 2586 255 2646 ad
280 2586 386 2647 bellum
409 2587 504 2649 Civile
531 2584 701 2659 conversus,
728 2590 758 2648 in
799 2586 804 2594 '

86 2668 179 2725 ttinere
196 2668 268 2728 obiit
283 2670 354 2728 inter
370 2667 505 2730 Ciliciam
522 2666 758 2748 Cappadociam·

86 2767 161 2827 que,
184 2769 259 2808 anno
281 2751 392 2829 imperii
417 2752 519 2809 oeiavo
542 2757 568 2810 &
589 2751 761 2832 trigesimo,

86 2831 170 2889 atatis
186 2832 286 2912 quinto
304 2840 331 2892 &
347 2829 563 2915 quadragesimo
577 2853 587 2904 3
606 2836 762 2914 meruitque
