2010 3616
236 220 422 291 hurle
462 222 601 293 VIII.
671 245 757 321 ,95
826 226 827 230 ’

17 376 20 385 «
92 353 123 396 ut
132 334 234 399 Punicis
246 338 429 411 conferatur3
448 363 517 400 nam
537 340 572 401 ed
592 345 704 426 gravius
722 343 761 404 est
799 414 801 419 ¹

92 417 212 492 facium,
232 419 311 502 qudd
327 424 448 482 universi
465 425 598 483 exercitus
613 428 759 503 perierant.

92 498 148 559 sub
159 498 211 560 hoc
225 505 302 562 enim
316 519 409 563 tantus
423 502 500 563 casus
512 502 671 584 pestilentiae
690 505 758 578 fuit,

93 598 124 640 ut
147 580 204 661 post
228 586 377 643 vidioriam
401 584 573 656 Persicam,
600 586 700 646 Romae
725 610 759 647 ac

91 680 138 740 per
159 662 268 724 Italiam
294 663 533 747 Provinciasque‚
555 669 679 726 martinia
699 665 757 726 ho-

91 744 194 803 minum
212 765 294 824 pars,
318 746 441 806 militum
466 766 565 805 omnes
590 745 646 827 fere
674 751 760 829 copiae

87 822 137 887 lan
173 847 219 885 ore
232 824 394 887 defecerint.

161 907 223 967 111.
243 908 358 989 Ingenti
376 926 444 990 ergo
460 905 557 967 labore
579 917 607 985 βε
629 908 770 975 modera-¹

91 986 164 1045 tione
183 986 247 1047 crim
271 988 346 1068 apud
363 987 542 1050 Carnuntum
563 993 624 1072 jugi
640 993 760 1051 triennio

89 1065 289 1146 persevertiiiet,
304 1069 409 1133 bellum
419 1070 684 1129 Marcomannicum
696 1092 762 1132 con·

90 1144 176 1220 fecit,
200 1151 278 1232 quod
304 1171 368 1211 curn
395 1147 439 1210 hir
462 1150 582 1228 Quadi,
607 1150 762 1223 Vandali,

89 1227 242 1304 Sarmatae,
268 1235 378 1303 Suevi,
406 1250 490 1312 atque
516 1232 611 1290 omnis
633 1230 763 1293 barbaria

90 1328 279 1376 commoverat
296 1335 304 1370 z
321 1314 410 1373 multa
431 1309 581 1370 hominum
602 1311 692 1372 millia
710 1316 760 1372 in·

90 1390 193 1453 terfecit
214 1416 222 1452 τ
244 1417 278 1456 ae
304 1394 457 1453 Pannoniis
479 1391 591 1453 servitio
615 1391 761 1466 liberatis,

89 1469 187 1534 Romae
205 1474 295 1537 rursus
320 1495 384 1534 curn
401 1473 569 1536 Commodo
588 1472 760 1546 Antonino,

87 1550 146 1613 filio
170 1553 222 1615 suo
235 1602 247 1625 ,
274 1577 359 1639 quern
384 1560 443 1636 jarn
465 1551 607 1616 Caesarem
634 1551 762 1626 fecerat,

89 1634 278 1717 triumphavit.
302 1636 349 1698 Ad
369 1632 450 1715 hujus
473 1635 540 1695 beili
561 1631 641 1694 nsum
665 1638 762 1695 aerario

89 1714 244 1788 exhausto,
261 1717 325 1779 crim
339 1716 502 1801 largitiones
519 1715 609 1776 nullas
624 1712 764 1787 haberet,

87 1817 178 1879 neque
197 1798 320 1860 indicere
344 1797 560 1878 provincialibus
582 1813 630 1855 aut
649 1795 766 1856 Senatui

88 1878 197 1959 aliquid
209 1880 315 1952 vellet,
333 1877 546 1955 instrumentum
563 1877 634 1967 regii
651 1873 765 1946 cultris,

87 1957 165 2020 faciti
183 1964 215 2022 in
234 1961 387 2022 foro'Divi
404 1958 522 2038 Traiani
538 1955 686 2026 senione,
709 1952 766 2016 dis·

88 2046 198 2103 traxit:
218 2040 285 2104 vasa
309 2063 412 2113 aurea,
436 2040 537 2121 pocula
560 2033 765 2119 crystallina&

87 2120 258 2195 murrhina,
279 2125 407 2183 uxoriam
432 2141 466 2181 ac
491 2118 570 2181 suam
596 2116 713 2197 sericam
737 2125 766 2178 δι

87 2223 204 2264 auream
227 2202 331 2266 vestem
350 2248 359 2275 ,
385 2203 474 2263 multa
494 2217 659 2260 ornamenta
672 2219 764 2339 Fem-

87 2305 202 2346 marum
220 2309 228 2343 z
245 2307 278 2345 ac
294 2306 341 2367 per
356 2284 426 2344 duos
439 2283 586 2351 continuos
605 2300 712 2340 menes
732 2299 766 2338 ea

87 2365 218 2433 venditio
242 2363 339 2428 habita
358 2363 421 2436 est,
444 2363 620 2442 multumque
645 2363 704 2420 auri
722 2378 767 2415 re-

88 2445 215 2509 dastum.
236 2445 303 2507 Post
320 2446 468 2508 victoriam
484 2462 579 2504 tamen
595 2438 767 2520 emptoribus

87 2533 178 2610 pretia
195 2527 333 2599 restituit,
352 2530 402 2608 qui
416 2524 529 2587 reddere
541 2537 704 2612 comparata
717 2538 769 2611 vo·

86 2611 226 2673 luerunt:
250 2606 382 2670 molestus
403 2606 475 2668 nulii
494 2603 570 2675 fuit,
594 2620 645 2682 qur
666 2598 768 2660 malent

87 2693 176 2756 semel
192 2710 288 2770 empta
303 2693 427 2751 retinere.
708 2745 723 2759 ,

126 2775 215 2838 XIV.
234 2772 293 2835 Hic
308 2772 433 2853 permisit
452 2770 518 2831 viris
536 2762 718 2834 clarioribus,
737 2778 768 2825 ut
