2056 3628
224 270 269 342 30
399 249 718 320 Enrnoizz

221 372 315 452 liquos
333 389 453 430 errantes
470 390 518 451 per
536 370 702 443 Numidas,
721 392 793 453 quos
810 373 840 434 in
857 394 910 434 au-

221 453 323 515 xilium
337 448 482 522 habebat,
502 452 643 536 collegit,
664 461 692 513 &
708 452 834 514 Romam
851 453 905 514 de-

223 531 303 594 duxit
320 534 430 616 ingenti
446 531 553 613 pompei
568 579 577 605 ,
600 532 664 593 crim
676 554 792 594 centum
807 543 834 594 &
849 537 904 595 tri·

223 616 304 698 ginta
319 611 533 695 elephantorum
546 636 677 674 numerus
690 618 790 675 omnia
805 617 907 679 itinera

223 694 386 775 compleret.
402 692 469 755 Post
486 693 544 756 hacc
561 696 637 757 mala
655 695 909 785 Carthaginienses

223 775 367 859 Regulum
388 775 488 837 ducem
500 823 512 847 ,
535 799 621 859 quern
641 796 792 858 ceperant,
815 780 907 859 petie-

222 877 308 928 runt,
324 877 355 917 ut
366 857 492 919 Romam
506 856 746 937 proficisceretur,
762 867 789 919 δι
805 880 908 940 pacem

223 934 241 997 i
260 938 399 1000 Romanis
423 939 586 1012 obtineret,
610 961 643 1001 ac
666 936 904 1021 permutationem

223 1021 398 1102 captivorum
418 1018 543 1081 faceret.-

264 1100 293 1161 Χ
303 1101 332 1161 Χ
342 1103 382 1162 V.
403 1099 455 1161 Ille
471 1102 597 1164 Romam
614 1100 680 1163 crim
695 1098 810 1164 venisset
827 1147 838 1174 ,
855 1103 905 1164 in·
993 1170 996 1175 ,

225 1180 324 1244 dusius
341 1185 372 1243 in
388 1183 546 1256 Senatum,
568 1181 642 1245 nihil
657 1186 740 1266 quasi
755 1184 905 1245 Romanus

224 1265 284 1346 egit
299 1288 307 1323 r
322 1264 469 1346 dixitque,
489 1264 527 1326 Se
542 1289 576 1326 tx
591 1267 645 1326 ille
660 1267 727 1336 die,
746 1266 800 1343 qud
811 1266 842 1325 itt
851 1287 908 1340 po·

224 1347 343 1427 testatem
363 1344 496 1424 Afrorum
518 1343 631 1423 uenzffet
643 1393 655 1417 ,
680 1347 833 1406 Romanum
856 1345 907 1420 effe

224 1424 339 1499 desiiffe.
360 1427 404 1486 Ita
426 1448 460 1486 ue
479 1437 506 1488 &
525 1449 641 1488 uxorem
659 1425 677 1505 *a
692 1428 841 1509 complexu
855 1448 905 1487 re-

224 1509 339 1578 movit,
361 1449 548 1581 &Romanis
574 1507 681 1580 suasit,
704 1530 740 1570 ne
766 1529 908 1589 parcum

225 1586 321 1648 Poenis
334 1586 419 1667 fieret.
432 1588 503 1649 Illos
519 1589 592 1650 enim
600 1590 706 1668 findor
722 1608 764 1649 tot
779 1589 906 1660 casibus,

218 1666 297 1747 spem
310 1672 415 1729 trullam
433 1669 529 1730 habere
546 1694 557 1729 t
572 1668 610 1730 Se
626 1672 699 1730 tanti
714 1693 768 1730 non
785 1669 834 1745 effe
847 1717 859 1741 ,
878 1689 911 1730 ur

227 1769 268 1809 rot
292 1751 385 1810 millia
400 1751 571 1826 captiuorum
584 1770 697 1826 propter
711 1751 859 1847 unumst,
881 1749 909 1813 s)

221 1832 338 1910 finem,
360 1829 386 1893 s?
404 1854 508 1909 paucos
521 1879 533 1903 ,
558 1833 605 1911 qui
624 1854 658 1892 ex
679 1833 815 1893 Romanis
834 1835 910 1909 capti

219 1913 358 1993 fuerant,
379 1918 557 1975 redderentur.
571 1914 615 1974 lta
637 1935 670 1974 ue
681 1914 813 1974 obtinuit
830 1914 911 1975 Nam

227 1993 315 2056 Afros
330 2015 428 2074 pacem
444 2014 568 2076 petentes
585 1936 676 2055 nisius
691 1994 807 2057 admisit
825 2018 832 2053 ε
852 1992 911 2076 ipse

229 2073 438 2158 Carthaginem
457 2075 540 2136 rediit
558 2099 566 2134 t
584 2073 822 2159 offerentibusque
844 2077 910 2137 Ro-

229 2160 345 2227 manis,
368 2175 398 2216 ut
418 2177 484 2217 eum
504 2157 604 2218 Rome
625 2176 773 2229 renerent,
796 2160 913 2241 negavit

230 2234 260 2298 se
279 2239 310 2296 in
328 2235 361 2295 ei
379 2238 448 2296 urbe
472 2237 658 2310 mansurum,
682 2240 712 2299 in
731 2237 809 2321 qui,
830 2237 911 2319 post-

230 2339 318 2399 quam
340 2316 418 2379 Afris
440 2317 591 2391 servierat,
613 2320 782 2403 dignitatem
803 2318 913 2380 honesti

230 2401 301 2460 civis
327 2397 429 2461 habere
448 2422 508 2460 non
535 2398 630 2542 posset.
656 2399 802 2484 Regressus
827 2403 914 2484 igitur

230 2480 271 2622 pp}
284 2479 413 2542 Africam
427 2526 437 2555 ,
457 2503 539 2542 omm
559 2503 590 2543 us
613 2479 755 2564 suppliciis
774 2483 913 2544 extinctus

232 2624 236 2630 Ι
272 2609 386 2709 ’XXVL
407 2647 439 2708 P.
460 2645 586 2708 Claudio
604 2642 747 2717 Pulchro,
769 2645 803 2705 L.
827 2645 914 2705 Junio

234 2722 430 2799 Consulibus,
451 2728 589 2788 Claudius
605 2746 712 2787 contra
723 2724 846 2805 auspiciu
863 2748 917 2805 pu-

234 2809 334 2890 gnavit
344 2853 357 2880 ,
382 2818 413 2897 &a
426 2806 443 2871 ‘a
456 2807 740 2894 Carthaginiensibus
756 2809 847 2871 vinus
866 2806 917 2872 est.
