1982 3614
606 188 626 217 l

230 285 300 335 ne
329 268 666 349 CAEsAuraus.
718 291 785 356 233

88 386 236 469 joribus,
258 385 391 447 industrii
407 386 542 467 rebusque
561 390 636 466 pacis
659 408 691 446 ac
712 388 790 448 mili-

90 472 143 528 tiae
168 469 262 550 longi
289 468 392 528 nobilis
415 466 575 527 habebatur.
596 468 688 527 Hu‘us
709 469 789 551 lega·

72 618 74 621 Ι
90 568 200 608 torum
213 552 245 607 in
259 548 372 608 Italiam
385 545 567 632 transgressu,
579 489 654 608 fusilj
668 570 702 608 ue
715 548 789 629 apud

92 630 288 690 Cremonam
315 627 397 698 suis,
424 631 555 690 Vitellius
583 630 619 688 ab
647 572 786 701 iabino,

89 711 179 772 Urbi
200 708 355 789 praefedlo,
371 708 538 790 Vespasiani
559 709 663 780 fratre,
687 710 786 771 sester-

90 793 175 851 tium
204 791 308 849 millies
330 792 493 873 pepigerat,
520 791 629 850 arbitris
652 793 788 853 militibus

91 870 236 951 Imperio
251 870 393 931 decedere.
410 871 465 932 Sed
480 870 628 952 postquam
647 892 714 931 mox
728 876 786 932 cir·

91 970 293 1012 cumventum
313 949 341 1010 se
359 956 463 1013 nuncio
480 972 555 1012 ratus
572 950 631 1021 ell,
646 955 726 1034 quasi
742 975 787 1012 re-

92 1052 216 1092 novato
245 1032 336 1091 fluore
360 1031 452 1111 ipsum
478 1032 645 1114 caeterosque
669 1034 787 1096 adverse

84 1115 193 1196 partis
218 1156 229 1182 ,
250 1134 314 1173 cum
341 1113 513 1193 Capitolio,
538 1113 616 1194 quod
637 1113 719 1174 saluti
738 1137 787 1174 re-

92 1193 237 1255 medium
257 1213 406 1274 ceperant,
428 1197 570 1253 cremavit.
588 1191 640 1254 Ast
655 1195 704 1254 ubi
723 1216 789 1257 vera

94 1272 155 1334 ell'e
171 1321 183 1345 ,
202 1295 236 1332 ac
248 1277 433 1356 propinquare
444 1272 535 1334 hostes
545 1272 714 1356 patefaiium
728 1275 787 1349 est,

93 1353 257 1437 produstus
279 1355 295 1413 ὲ
316 1357 458 1437 tugurio,
479 1377 537 1436 quo
563 1353 591 1414 le
615 1355 785 1428 abdiderat,

92 1438 236 1516 janitoris
256 1480 267 1505 ,
299 1435 401 1514 injello
415 1450 418 1456 ·
430 1437 532 1516 laqueo
552 1481 563 1505 ,
587 1437 787 1516 parricidarum

94 1538 214 1593 more,
241 1515 276 1575 ad
301 1514 387 1576 scalas
413 1516 590 1586 Gemonias,
615 1538 718 1598 perque
741 1540 787 1580 eas

94 1595 257 1681 pertratlus
274 1620 285 1668 5
305 1598 388 1656 simul
406 1595 504 1658 idlibus
512 1640 525 1668 ,
544 1617 681 1679 quantum
704 1598 785 1678 quis-

96 1699 158 1760 que
179 1677 330 1747 vuluerat,
351 1674 478 1737 confoll‘o
505 1700 621 1758 corpore
644 1682 675 1738 in
699 1680 787 1740 Tibe·

95 1762 159 1819 rim
184 1758 336 1836 dejicitur,
359 1759 515 1840 tyrannidis
543 1758 643 1819 odiavo
665 1759 782 1832 mense,

96 1861 197 1900 annos
220 1858 300 1898 natus
323 1837 549 1923 septuaginta&
572 1842 696 1921 quinque
717 1861 784 1900 am·

96 1921 188 2002 plius.

142 2000 190 2060 Hi
210 2020 333 2072 omnes,
354 2023 425 2083 quos
445 2000 540 2082 paucis
558 2001 640 2082 attigi
651 2045 661 2073 ,
681 2003 783 2081 praeci·'

96 2082 216 2164 pueque
229 2079 374 2141 Caesarum
388 2104 476 2159 gens,
496 2080 568 2140 adeo
581 2083 679 2140 litteris
693 2082 781 2154 culti,

97 2182 191 2241 atque
208 2160 367 2241 eloquentie
381 2163 477 2233 fuere,
500 2181 530 2220 ut
547 2163 578 2221 ni
591 2163 695 2222 cundtis
708 2164 783 2229 vitiis

99 2240 241 2329 [absque
265 2241 424 2323 Augusto]
451 2244 532 2302 nimii
555 2242 671 2312 forent,
698 2262 782 2319 tantae

99 2343 179 2382 artes
208 2322 334 2401 profedib
367 2321 492 2383 texill'ent
523 2324 636 2383 modica
665 2325 782 2405 flagitia.

98 2402 182 2480 Quis
203 2403 283 2462 rebus
306 2426 479 2486 quamquam
499 2404 564 2464 saris
583 2401 688 2462 constet
708 2422 781 2481 prae-

100 2483 177 2566 stare
189 2505 302 2556 mores,
320 2504 416 2545 tamen
429 2487 528 2566 cuique
544 2482 691 2563 praesertim
708 2480 782 2543 sum·

99 2586 156 2624 mo
186 2563 322 2636 Redlori,
351 2585 491 2647 utroque,
522 2566 545 2624 si
570 2583 678 2644 queat,
705 2568 782 2642 juxta

99 2667 199 2726 opus;
221 2647 264 2705 sin
287 2653 385 2706 auteni‘
405 2649 468 2706 vitae
498 2647 641 2725 proposito
665 2646 705 2704 in=
719 2647 780 2704 irn-

101 2723 236 2786 mensum
252 2727 467 2809 progrediente,
488 2728 631 2801 elegantiae
650 2722 716 2786 satis
731 2745 778 2787 at-

99 2827 161 2892 que
177 2809 349 2869 auctoritatis
366 2805 458 2871 sumat
475 2807 668 2870 eruditionem.
