1982 3614
176 229 233 279 nr
253 211 372 281 ers
391 225 679 282 rrrvsrumvs.
708 230 773 303 203

91 353 140 415 per
160 329 283 414 speciem
302 332 452 415 legationis
469 334 499 391 in
511 331 613 393 Asiam
631 332 778 417 ablegatus

92 413 238 556 esterVs
259 448 349 556 Caius
364 491 510 554 Gracchus
521 491 696 575 pestilentem
709 494 779 557 Sar»

92 576 202 637 diniam
229 572 359 652 Quaestor
385 573 498 635 sortitus
521 621 534 645 ,
559 596 619 636 non
647 579 777 637 veniente

91 653 274 726 successore,
293 654 343 715 sui
357 653 456 735 sponte
476 656 603 716 decessit.
629 656 778 720 Asculana·

93 747 121 798 ὅ(
145 739 199 797 Fre
221 737 318 796 ellanae
340 735 505 798 defectionis
528 737 666 798 invidiam
690 737 776 807 susti·
890 737 896 746 '

93 821 163 879 nuit.
209 819 325 877 ribunus
335 817 424 898 plebis
443 821 567 901 agrarias
580 827 607 878 &
621 817 779 882 frumenta-

62 915 70 925 ·
95 903 150 958 rias
170 901 247 982 leges
262 898 334 960 tulit
351 897 482 959 Colonos
500 901 585 963 etiam
599 898 733 980 Capuam
749 896 799 964 oc*

94 979 254 1043 Tarentum
278 979 430 1040 mittendos
455 976 778 1045 censuit'Triumviros

95 1064 170 1143 agris
193 1059 350 1121 dividendis
370 1058 422 1131 se,
441 1069 468 1121 &
481 1061 612 1120 Fulvium
625 1061 778 1135 Flaccum,

96 1151 123 1202 &
147 1142 186 1203 C.
210 1138 342 1203 Crassum
368 1139 518 1201 constituit.
544 1141 676 1201 Minucio
699 1143 778 1207 Rufo

96 1222 229 1283 Tribuno
250 1222 340 1303 plebis
360 1222 469 1306 legibus
494 1219 549 1282 suis
567 1223 727 1305 obrogante
748 1228 779 1287 in

96 1304 276 1384 Capitolium
289 1306 386 1373 venit3
401 1304 450 1362 ubi
463 1303 528 1363 crim
540 1290 665 1363 Antilius
678 1350 689 1374 ,
706 1326 778 1385 prae·

96 1407 130 1444 co
150 1385 264 1466 Opimii
283 1382 440 1454 Consulis,
460 1385 491 1443 in
508 1380 593 1446 turbis
611 1380 701 1445 fuillet
721 1407 776 1445 oc·
791 1380 804 1393 '

97 1464 168 1526 cisus
187 1511 199 1535 ,
219 1468 249 1525 in
265 1461 364 1525 forum
386 1462 548 1535 descendit,
568 1474 595 1526 δι
613 1466 777 1545 imprudens

97 1549 266 1607 concionem
280 1543 439 1607 iTribuno
452 1546 541 1626 plebis
558 1549 708 1619 avocavit3
723 1547 780 1629 qui

54 1688 57 1693 Δ
97 1649 126 1687 re
149 1630 321 1697 arcessitus,
345 1624 409 1687 crim
432 1628 463 1685 in
485 1627 620 1687 Senatum
643 1646 702 1689 non
722 1650 778 1690 vc·

96 1705 200 1780 nilset,
214 1707 323 1768 armati
340 1706 450 1768 familiis
467 1709 641 1769 Aventinam
655 1730 780 1790 occupa·

97 1793 138 1850 vit
152 1814 159 1847 ε
175 1789 225 1850 ubi
240 1789 275 1848 ab
289 1789 411 1870 Opimio
423 1791 534 1859 siclus,
549 1789 617 1849 dum
637 1786 653 1848 ‘a
671 1793 779 1871 templo

97 1871 187 1932 Luna:
205 1870 321 1942 desilit,
339 1870 429 1929 talum
450 1871 585 1940 intorsit,
605 1878 633 1929 &
654 1871 779 1932 Pontino

97 1955 194 2012 amico
212 1949 287 2032 apud
304 1969 416 2031 portam
434 1946 633 2032 Trigeminam
645 1995 657 2018 ,
676 1952 707 2010 P.
723 1952 782 2012 Lc-

97 2037 175 2094 torio
193 2035 224 2093 in
236 2032 326 2092 Ponte
344 2031 470 2091 Sublicio
491 2028 718 2112 persequentibus
733 2054 780 2093 re·

73 2114 76 2120 ’
97 2112 239 2185 sistente,
264 2113 294 2172 in
319 2114 415 2172 lucum
439 2112 549 2171 Purinae
570 2116 707 2192 pervenit.
734 2115 782 2177 lbi

97 2197 145 2257 vel
164 2193 237 2264 sui,
258 2193 304 2255 vel
321 2190 394 2255 servi
414 2191 523 2272 Eupori
538 2213 626 2253 manu
642 2194 781 2257 interfec-

99 2295 143 2337 tus
160 2322 170 2349 ,
192 2293 276 2357 caput
294 2271 508 2354 itSeptimuleio
524 2276 619 2335 amico
633 2275 780 2349 Gracchi,

99 2357 138 2417 ad
164 2356 319 2437 Opimium
347 2354 466 2416 relatum
490 2398 500 2427 ,
526 2375 596 2416 auro
628 2355 781 2437 expensum

99 2438 188 2501 fertur
205 2484 217 2512 ,
237 2456 351 2519 propter
375 2437 524 2498 avaritiam
544 2434 639 2499 infuso
663 2438 782 2519 plumbo

100 2523 215 2603 gravius
233 2514 377 2579 effeciumr
588 2562 590 2567 -

141 2600 269 2661 LXVI.
287 2599 404 2659 Marcus
419 2599 517 2660 Livius
533 2595 664 2669 Drusus,
679 2620 781 2681 genero

102 2691 129 2745 δι
152 2677 315 2763 eloquentiis
337 2701 476 2763 magnus,
498 2677 547 2740 sed
567 2679 732 2743 ambitiosus
754 2691 782 2744 δι

103 2760 262 2848 superbus,
281 2759 387 2824 AEdilis
406 2782 509 2827 munus
530 2759 780 2907 magpificentissi·
808 2838 810 2845 Ι

631 2866 660 2926 lJ
