1972 3624
216 185 279 272 32⁸
330 179 455 250 Aua.
484 181 776 251 Vrcronrs·

210 300 300 360 vineis
321 297 467 359 conseruit„
485 297 543 358 Hic
561 299 666 358 Sirmio
690 302 720 358 in
741 301 804 359 turri
821 297 872 358 fer·

211 379 271 440 rari
289 380 434 440 occiditur.

249 460 422 520 XXXVIII.
447 459 537 521 Carus
558 459 702 520 Narbona
722 479 799 520 natus
820 461 872 519 im·
955 526 956 529 Ἰ

210 543 317 622 peravit
340 562 429 601 annos
450 540 530 600 duos.
553 538 607 600 Iste
628 539 774 600 confestim
795 538 872 601 Cari-

210 642 280 681 num
299 629 326 680 &
347 622 554 681 Numerianum
578 619 702 684 Caesares
729 621 801 681 fecit.
825 620 874 679 Hic

209 701 284 781 apud
312 700 501 781 Ctesiphonta
531 703 589 760 iau
620 701 748 762 fulminis
775 702 875 761 interiit.

209 781 402 842 Numerianus
417 801 530 862 quoque
550 779 623 841 filius
641 787 718 860 ejus,
741 780 804 841 crim
820 801 877 839 ocu-

208 863 302 923 lorum
320 862 417 922 dolore
438 880 577 941 correptus
600 864 632 924 in
650 860 778 922 lesticuli
797 858 876 922 vehe-

211 962 311 1013 retur,
337 941 490 1021 impulsore
513 944 621 1021 Apro,
648 945 697 1023 qui
728 940 805 1001 socer
831 946 879 1020 ejus

212 1044 292 1093 erat,
318 1044 366 1103 per
384 1022 498 1083 insidias
518 1018 626 1082 occisus
646 1022 694 1082 cst.
722 1016 800 1083 Ctim
821 1022 879 1081 dolo

211 1105 395 1164 occultaretur
415 1104 501 1182 ipsius
519 1124 624 1172 mors,
651 1101 796 1186 quousque
814 1103 881 1182 Aper

211 1185 341 1245 invadere
363 1182 449 1264 pollet
468 1184 650 1264 Imperium,
674 1183 775 1243 foetore
802 1183 880 1243 cada·

211 1268 283 1327 veris
313 1263 398 1324 scelus
423 1262 461 1322 est
490 1264 642 1344 proditum.
664 1264 742 1324 Hinc
770 1264 881 1323 Sabinus

211 1345 337 1406 Julianus
355 1345 489 1405 invadens
508 1345 681 1424 Imperium,
698 1342 716 1402 ‘a
736 1344 843 1404 Carino
858 1346 882 1402 in

207 1428 320 1506 campis
337 1425 549 1485 Veronensibus
568 1424 713 1491 occiditur.
731 1425 790 1485 Hic
808 1425 884 1485 Cari·
955 1434 956 1493 l

211 1529 263 1567 nus
280 1507 414 1567 omnibus
432 1503 460 1565 se
481 1504 628 1565 sceleribus
642 1507 810 1586 inquinavit.
824 1505 884 1564 Plu·
955 1512 956 1543 i

210 1591 301 1647 rimos
329 1589 460 1646 innoxios
486 1585 557 1645 fietis
587 1585 751 1645 criminibus
778 1585 882 1644 occidit

211 1667 400 1728 Matrimonia
422 1668 561 1728 nobilium
580 1674 711 1746 corrupit.
733 1664 882 1726 Condisci-
955 1700 956 1729 ς

189 1756 195 1767 '
211 1750 283 1828 pulis
301 1769 434 1830 quoque,
453 1751 504 1829 qui
521 1768 585 1805 eum
605 1749 635 1806 in
651 1746 794 1806 auditorio
813 1747 884 1807 verbi

212 1828 381 1912 fatigatione
408 1845 599 1895 taxaverunt,
629 1824 803 1906 perniciosus
828 1825 884 1886 suia

211 1909 259 1971 Ad
273 1908 596 1970 extremumtrucidatut
614 1912 681 1987 ejus¹
691 1907 827 1987 praec'ipue
840 1909 885 1965 tri-

211 1991 280 2051 buni
310 1988 443 2060 dexteri,
467 1994 545 2068 cujus
569 1987 714 2047 dicebatur
740 1994 884 2071 conjugem
955 2040 956 2043 ,

211 2068 346 2151 polluisse.

212 2232 264 2293 lini
283 2232 422 2293 Senatoris
440 2232 606 2300 libertinus,
625 2250 712 2291 matre
730 2233 832 2310 pariter
847 2249 887 2289 ar-

212 2334 267 2394 que
286 2313 393 2393 oppido
412 2315 529 2372 nomine
542 2311 684 2381 Dioclea,
704 2332 825 2392 quorum
842 2332 888 2369 vo·

208 2394 337 2464 rabulis,
356 2394 445 2455 donec
456 2393 610 2472 Imperium
621 2389 742 2451 sumeret
750 2437 763 2465 ,
775 2390 886 2450 Diocles

207 2476 386 2555 appellatus,
411 2475 460 2534 ubi
487 2474 562 2532 orbis
585 2472 711 2532 Romani
735 2473 887 2552 potentiam

211 2558 304 2634 cepit,
325 2555 446 2615 Graium
467 2575 572 2613 nomen
593 2555 624 2613 in
641 2553 806 2612 Romanum
825 2572 888 2610 mo·

209 2655 272 2705 rem
302 2637 438 2696 convertit
461 2680 471 2705 ,
500 2635 649 2713 imperavit
676 2635 757 2693 annis
789 2631 887 2714 viginti

212 2717 345 2797 quinque.
372 2717 400 2778 Is
422 2716 636 2779 Maximianum
660 2709 886 2805 Augttllumcf-
955 2754 956 2759 η

253 2151 394 2212 XXXIX.
414 2151 609 2210 Diocletianus
628 2150 787 2218 Dalmata,
806 2150 883 2210 Anu·
