2010 3616
212 213 347 281 Oarao
367 211 657 281 GsurrsRosr.
712 237 776 305 ¹59

85 331 145 411 qui
175 329 269 391 aberat
296 327 314 390 i
340 330 450 391 Palatio
477 332 608 428 millibus¹
622 336 779 416 quinque,

88 411 275 493 eundemque
292 412 388 473 locum
410 432 443 472 ex
462 410 513 472 suo
529 436 647 474 nomme
666 415 778 479 Remu-

87 495 169 553 riam
189 492 360 574 appellaret,
378 514 475 575 neque
490 515 523 555 ea
543 498 616 556 inter
640 517 688 557 eos
709 495 778 557 fini·

89 593 172 635 retur
190 577 355 645 contentio,
371 596 426 635 avo
442 575 593 637 Numitore
609 577 713 639 arbitro
729 579 781 639 ad-

91 652 168 715 scito
180 701 192 725 ,
207 656 314 735 placuit
330 652 527 736 disceptatores
544 663 602 739 ejus
618 678 781 720 controver-

92 737 142 796 siae
162 736 342 797 immortales
361 735 440 798 Deos
462 732 569 797 sumere
585 762 595 809 3
616 742 656 799 ita
675 760 706 800 ut
724 743 782 802 utri

94 838 199 879 eorum
211 818 303 899 priori
319 815 439 878 secunda
451 817 575 901 auspicia
587 818 779 895 obvenissent,

94 900 200 960 urbem
221 897 375 970 conderet,
395 920 514 982 eamque
535 921 571 960 er
590 898 641 960 suo
663 906 781 965 nomine

96 998 299 1060 nuncuparet,
323 998 406 1062 atque
430 982 461 1040 'm
484 980 517 1041 ei
537 983 617 1065 regni
639 979 781 1049 summam

97 1079 214 1143 teneret„
234 1057 366 1142 Ctimque
387 1058 573 1140 auspicaretur
592 1063 731 1123 Romulus
752 1068 783 1126 in

96 1141 233 1213 Palatio,
252 1142 357 1202 Remus
374 1144 403 1201 in
417 1143 582 1212 Aventino,
598 1141 645 1203 sex
659 1145 782 1207 vultures

99 1226 206 1302 pariter
214 1222 353 1293 volantes,
363 1220 492 1282 *asinillrd
500 1224 592 1283 Remo
606 1223 681 1304 priris
692 1222 779 1298 visos,

99 1323 220 1385 tumque
242 1303 278 1363 ab
296 1324 330 1362 eo
347 1300 442 1364 millos
457 1308 507 1385 qui
524 1304 650 1364 Romulo
670 1309 785 1365 nuncia-

101 1404 184 1456 rent,
201 1384 257 1444 sibi
274 1388 334 1463 jam
349 1383 416 1444 data
433 1383 575 1464 auspicia,
592 1387 694 1467 quibus
708 1407 781 1446 con-

102 1464 170 1524 dere
182 1465 283 1525 urbem
298 1464 454 1537 'uberetur,
471 1469 566 1547 itaque
583 1485 734 1527 maturaret
747 1466 782 1528 ad

104 1543 135 1605 se
154 1548 260 1606 venire.
280 1487 413 1626 &simque
434 1546 552 1607 adeum
570 1547 708 1608 Romulus
726 1570 779 1609 ve-

104 1623 206 1698 niffet,
228 1622 417 1708 quaesilsetque
437 1649 567 1708 quaenam
588 1629 637 1689 illa
660 1626 783 1709 auspicia

105 1704 236 1777 fuilsent,
251 1703 412 1787 dixiffetque
422 1709 469 1768 ille
480 1754 489 1779 ,
501 1709 555 1769 sibi
570 1708 723 1790 auspicanti
736 1707 784 1770 l'ex

105 1788 243 1848 vulturios
257 1788 341 1849 simul
358 1785 528 1870 apparuiss'et
545 1808 574 1848 at
588 1811 643 1873 ego
659 1834 670 1859 ,
690 1793 783 1871 inquit

106 1868 265 1940 Romulus,
275 1874 333 1950 jam
343 1869 396 1929 tibi
407 1869 556 1929 duodecim
566 1868 763 1929 demonstrabo
772 1893 783 1940 3

109 1950 285 2030 rerepente,
305 1949 454 2010 duodecim
471 1952 592 2009 vultures
611 1948 782 2031 apparuisse,

110 2028 255 2090 subsecuto
274 2031 338 2089 coeli
357 2028 470 2113 fulgore
491 2033 594 2111 pariter
613 2034 783 2112 tonitruque⁴

109 2110 187 2171 Turn
199 2111 338 2171 Romulus
349 2156 358 2182 ,
369 2111 467 2190 Quid,
482 2113 592 2193 inquit,
605 2112 694 2172 Reme
708 2113 784 2173 affir-

110 2214 170 2252 mas
185 2195 297 2273 priora,
315 2189 380 2251 crim
394 2191 538 2272 prasentia
552 2194 682 2253 intuearis
697 2201 708 2253 ἒ
725 2194 783 2253 Re·

111 2295 172 2333 mus
193 2271 341 2354 postquam
359 2274 494 2333 intellexit
515 2271 571 2332 sese
590 2289 678 2358 regno
700 2274 781 2334 fran-

111 2354 227 2426 datum,
240 2355 350 2423 multa,
367 2356 480 2434 inquit,
492 2358 521 2414 in
535 2351 586 2413 hac
601 2356 668 2414 urbe
679 2357 784 2414 temere

112 2433 218 2515 sperata
231 2452 318 2517 atque
333 2434 449 2514 prasum
469 2454 497 2495 ta
512 2434 703 2495 infelicissime
720 2455 786 2514 pro*

113 2535 225 2576 ventura
236 2513 307 2576 funt.
317 2513 356 2575 At
366 2513 435 2575 verri
445 2456 569 2576 licinius
582 2516 682 2575 Macer
694 2515 742 2574 lib.
760 2535 785 2577 r.

113 2596 193 2657 docet
213 2598 401 2657 contentionis
422 2597 496 2656 illius
512 2594 700 2675 perniciosum
722 2599 784 2655 exi·

112 2697 171 2738 tum
198 2676 277 2737 fuiss'e
301 2724 311 2750 ,
336 2698 459 2758 namque
486 2676 591 2735 ibidem
621 2673 784 2737 obsistentes

111 2759 232 2821 Remum
254 2769 281 2822 δι
303 2757 461 2819 Faustulum
482 2757 651 2818 interfedlos.
677 2757 788 2820 Contra
