2010 3616
230 218 299 302 184
382 213 503 284 Anu.
532 214 746 286 Victor<

223 334 414 414 Quinetilibtn
434 334 470 393 ab
491 333 549 393 aede
572 334 720 406 Honoris,
739 339 818 417 equis
837 334 912 398 insi·

224 418 341 485 dentes,
363 419 392 475 in
411 415 588 495 Capitolium
610 419 765 475 transirent.
783 418 909 478 Mortuo

223 495 289 557 huic
309 516 418 557 tantum
441 499 502 558 aeris
523 519 560 578 po
580 496 619 555 uli
639 498 807 557 liberalitate
830 519 907 559 con-

222 577 330 660 gestum
348 576 387 636 est
398 624 407 647 ‚
420 599 450 637 ut
468 577 533 638 inde
583 581 622 637 'us
641 576 859 639 viscerationem
880 589 909 641 δι

222 660 317 740 epulas
336 659 447 737 publice
467 660 554 720 daret.

261 741 290 799 X
298 739 430 799 XXIII.
444 742 557 800 Marcus
567 740 672 802 Curius
685 741 824 801 Dentatus
835 743 912 822 pri-

221 818 273 881 mi)
293 820 328 880 de
349 823 521 881 Samnitibus
537 820 743 902 triumphavit,
764 843 834 903 quos
851 821 906 882 us-

243 923 277 961 ne
297 903 334 962 ad
353 924 431 962 mare
449 901 578 982 superum
595 907 763 982 perpacavit.
783 902 908 986 Regres-

222 923 289 1054 lus,
306 986 336 1043 in
358 986 494 1043 concione
513 986 552 1043 ait
569 983 718 1043 :Tantum
738 986 798 1066 agri
819 986 905 1064 cepi,

223 1082 254 1123 ut
272 1064 394 1124 solitudo
409 1063 503 1124 futura
519 1064 622 1135 fiterit,
642 1066 696 1123 nisi
715 1083 825 1125 tantum
844 1063 906 1125 bo-

192 1184 195 1188 ·
223 1149 335 1206 minum
356 1142 483 1225 cepill'em
499 1168 509 1215 3
524 1165 632 1204 tantum
649 1142 735 1224 porri)
753 1143 908 1213 hominum

223 1231 305 1307 cepi,
317 1247 347 1287 ut
361 1227 437 1286 fame
448 1229 562 1307 petituri
572 1222 703 1296 fuissent,
725 1230 779 1286 nisi
794 1246 907 1288 tantum

224 1312 288 1389 agri
305 1306 441 1387 cepillem.
453 1308 559 1367 Itenim
572 1306 607 1366 de
620 1308 732 1375 Sabinis
745 1306 908 1389 triumpha-

222 1391 272 1448 vit.
293 1388 394 1448 Tertio
415 1389 449 1447 de
471 1389 592 1448 Lucanis
612 1410 700 1448 ovans
722 1390 834 1450 Urbem
854 1391 905 1448 in-

222 1471 329 1529 troivit.
350 1467 489 1550 Pyrrhum
509 1470 658 1550 Epirotam
682 1469 766 1529 Italilt
786 1471 904 1551 expulit.

222 1549 367 1624 Quaterna
388 1550 460 1609 dena
476 1554 535 1631 agri
556 1555 653 1632 jugera
671 1552 778 1610 viritim
798 1553 906 1631 populo

222 1629 325 1690 divisit.
344 1631 406 1691 Sibi
425 1632 526 1691 deinde
544 1631 663 1691 totidem
678 1629 842 1701 constituit,
859 1633 907 1693 di-

222 1730 288 1769 cens
303 1716 445 1771 neminem
459 1710 511 1771 ess'e
528 1713 648 1781 debere,
661 1714 706 1770 cui
721 1734 780 1772 non
794 1732 907 1775 tantum

185 1772 200 1809 ⁴
222 1789 365 1853 sufficeret.
386 1794 501 1876 Legatis
521 1795 681 1854 Samnitum
705 1814 802 1853 autum
826 1791 905 1853 offe-

221 1875 364 1945 rentibus,
383 1874 446 1934 ctim
464 1874 522 2013 iKse
539 1878 569 1934 in
588 1874 655 1932 foco
673 1895 753 1954 repas
766 1893 903 1935 torreret:

220 1952 326 2026 Malo,
345 1958 374 2015 in
396 1959 458 2027 uit,
498 1977 536 2014 aec
556 1958 586 2015 in
599 1953 731 2015 flebilibus
745 1959 815 2015 meis
830 1953 904 2027 ess'e,

219 2042 248 2093 &
268 2056 365 2096 aurum
383 2068 386 2073 >
408 2037 555 2097 abentibus
581 2038 725 2115 imperare.
747 2037 826 2097 Crim
852 2040 903 2096 in-

219 2115 344 2175 terversae
368 2121 490 2198 pecuniae
567 2136 705 2186 ueretur,
733 2117 836 2176 cadum
862 2118 903 2177 li-

219 2215 346 2288 gneum,
361 2219 419 2278 quo
438 2202 479 2258 uti
498 2138 684 2258 allacnficia
700 2197 902 2270 consueverat,

219 2295 250 2335 tn
277 2279 404 2338 medium
428 2281 576 2360 protulit,
600 2281 756 2359 juravitque
778 2277 806 2337 se
830 2277 905 2340 nihil

219 2360 340 2438 amplius
360 2359 395 2418 de
415 2360 506 2443 praedb
524 2357 619 2419 hostili
639 2363 669 2419 in
685 2358 805 2419 domum
821 2357 903 2420 suam

219 2439 391 2501 convertiile.
423 2443 536 2523 Aquam
566 2440 668 2500 deinde
695 2441 837 2500 Anienem
866 2441 904 2499 <le

219 2523 360 2582 manubiis
381 2520 503 2582 hostium
522 2525 552 2582 in
570 2522 682 2582 Urbem
702 2520 820 2581 induxit.
837 2521 905 2582 Tri-

219 2601 309 2662 bunus
333 2603 422 2684 plebis
448 2604 541 2663 Patres
569 2605 696 2661 auctores
720 2601 783 2661 fieri
805 2604 906 2685 coegit

220 2686 362 2754 comitiis,
381 2686 482 2766 quibus
493 2684 617 2765 plebeius
628 2681 807 2765 magistratus
824 2704 906 2742 crea-

220 2760 310 2841 batur.
342 2764 392 2824 Ob
422 2763 480 2827 lraec
510 2767 611 2843 merita
640 2764 743 2826 <lomus
771 2767 799 2824 ei
826 2763 905 2846 apud
