1972 3624
246 311 597 365 urrunnu
690 316 751 382 3η
835 312 838 318 ·

74 419 193 479 mutatis
222 413 307 477 hodie
338 414 521 496 perseverant.
552 415 635 475 Vixit
666 435 755 474 annos
804 454 806 459 ,

71 498 143 559 sexa
165 500 224 557 inta
250 498 349 568 duos3
376 495 477 556 dehinc
503 494 656 555 miserabili
682 498 757 555 exitu
840 553 843 558 .

75 519 260 659 confftmptus
274 577 337 648 est,
354 581 475 637 cruciatu
489 577 684 637 membrorum
699 575 759 635 fere

78 661 211 719 omniurn
236 658 403 728 confetius,
428 659 457 717 in
479 677 588 718 rantum
606 678 637 717 ut
658 655 759 717 crebre

77 738 139 801 sese
161 738 386 800 interficiendum
406 736 593 798 ministrorum
616 737 759 798 fidissimis

78 842 198 902 precans
220 819 361 890 offerret,
387 841 443 891 ac,
466 841 503 879 ne
526 822 555 879 in
580 817 760 899 semetipsum

80 900 211 974 saevuet,
234 899 359 961 custodia
377 902 582 962 carissimorum
601 898 761 962 servaretur.

123 982 200 1042 XV.
222 983 383 1042 Antoninus
402 982 540 1052 Fulvius,
563 980 611 1042 seu
627 982 763 1059 Bojonius

82 1062 174 1124 diiius
187 1107 200 1132 ,
218 1061 313 1143 pustefa
332 1064 417 1123 etiam
435 1063 500 1123 Pius
521 1084 556 1121 co
577 1067 762 1135 nominatur,

78 1146 236 1224 imperavit
253 1165 341 1204 anuos
360 1145 463 1226 viginti
479 1162 542 1203 tres.
557 1084 620 1203 iste
640 1144 676 1203 ab
694 1144 761 1219 Ha7

85 1225 188 1284 driano
212 1227 243 1284 in
262 1223 353 1284 filium
378 1223 549 1304 adoptatus,
574 1229 650 1303 cujus
678 1245 764 1306 gener

82 1305 177 1369 fuerat
191 1350 201 1376 ,
220 1325 305 1366 tantae
318 1306 453 1364 bonitatis
473 1307 502 1364 in
516 1306 672 1385 principatu
687 1304 764 1378 fuit,

85 1407 119 1445 ut
133 1384 208 1447 haud
221 1387 306 1446 dubie
319 1389 379 1446 sine
392 1387 521 1465 exemplo
534 1387 642 1446 vixerit.
656 1386 766 1464 Quam·
832 1402 834 1407 ·

86 1469 130 1526 vis
145 1479 211 1525 eum
228 1468 331 1527 Numae
351 1467 500 1526 contulerit
521 1485 587 1527 aetas
606 1464 676 1538 sua,
700 1471 765 1527 nim

85 1547 187 1608 orbem
203 1567 278 1608 tertae
295 1548 375 1607 nullo
394 1548 471 1606 bello
489 1567 536 1628 per
554 1570 643 1611 annos
662 1550 766 1631 viginti

84 1648 142 1688 tres
160 1631 324 1691 auetoritate
337 1626 398 1688 soli
415 1631 537 1700 rexerit,
558 1626 630 1689 adei>
643 1648 766 1689 tremen-

83 1709 164 1779 ‚ribus
183 1730 247 1770 eum
268 1729 351 1791 atque
371 1710 529 1769 amantibus
550 1713 655 1771 caustis
672 1711 766 1794 Regi-

90 1791 143 1849 bus
159 1788 376 1872 nationibusque
389 1799 417 1849 &
430 1791 539 1871 populis
549 1836 561 1860 ,
578 1811 608 1850 ut
623 1812 768 1871 parentem

91 1868 140 1930 seu
161 1890 310 1952 patronum
328 1872 421 1953 magis
439 1869 526 1952 quim
544 1870 692 1932 deminum
711 1875 768 1932 im·-

89 1971 282 2032 peratoremve
308 1970 465 2031 reputarent
488 1997 497 2023 ,
531 1950 684 2034 omnesque
709 1974 768 2013 uno

89 2053 141 2092 ore
166 2034 195 2091 in
221 2030 383 2092 coelestium·
398 2052 506 2091 morem
533 2035 684 2113 propitium
710 2054 768 2115 op-

92 2132 207 2182 tantes,
236 2114 270 2172 de
289 2115 482 2176 controversiis
501 2116 571 2173 inter
592 2113 619 2175 se
646 2113 770 2194 judicem
847 2120 849 2124 '

113 2192 248 2255 oscerent.
275 2194 355 2270 Quin
378 2196 463 2253 etiam
488 2194 576 2265 Indi,
603 2197 769 2266 Batiriaui,

91 2215 224 2354 iiyrcani
241 2275 350 2357 legatos
366 2276 487 2344 misire,
508 2274 612 2355 justitia
630 2279 702 2337 tanti
719 2281 772 2337 im·

87 2356 231 2435 -peratotiu
252 2353 419 2436 comperti,
443 2377 529 2436 quant
553 2357 673 2416 ornabat
694 2359 773 2418 vultu

95 2434 166 2495 serie
180 2433 298 2515 pulchro
312 2482 323 2505 ‚
339 2453 468 2516 procerus
481 2432 607 2498 metnbra
621 2483 631 2509 ‚
646 2436 774 2497 decenter

96 2516 215 2576 validus.
246 2514 411 2597 Priusquam
441 2515 598 2578 salutandus
629 2518 774 2598 prodiret,

96 2594 247 2680 degustans
264 2598 342 2677 panis
363 2598 592 2677 aliquantulum,
614 2620 648 2658 ne
670 2596 774 2740 stipes-

90 2697 179 2736 rente
201 2680 305 2737 circum
321 2678 472 2757 praecordia
490 2700 539 2759 per
552 2681 688 2759 jejunium
719 2702 774 2741 an-

99 2759 210 2840 guine,
234 2759 341 2818 viribus
361 2762 448 2819 exesis
470 2762 695 2840 interciperetur,
720 2782 774 2821 eo-

96 2859 155 2919 qut
175 2840 250 2898 actui
273 2839 450 2920 publicorum
476 2842 598 2903 minime
619 2839 775 2916 sufficeret,

630 2922 660 2984 Ο
