1982 3614
228 270 294 352 248
377 252 779 339 AunVrcTOn

225 404 352 445 veterum
372 386 586 454 innocentiam,
603 387 684 464 quasi
704 386 836 443 mentium
852 380 889 442 sa·
971 366 972 395 ³

228 470 366 532 nitatem,
389 484 594 545 pervenerant,
614 465 780 523 clementem
799 462 888 523 habui·
971 472 972 487 ¹

228 568 266 605 re.
288 547 331 605 Ita
350 543 500 615 honestas,
519 567 579 625 quae
598 548 736 625 principio
754 548 832 604 anxia
848 542 888 602 ha-

230 629 333 695 betur,
356 627 406 685 ubi
427 629 602 708 contigerit,
623 626 762 707 voluptati
781 627 890 697 luxuria·
971 690 972 711 ,

229 729 285 787 que
305 706 352 767 est.
376 705 562 766 Pescennium
580 706 707 789 Nigrum
728 707 801 786 apud
816 706 891 785 Cyri*

230 810 336 859 cenos,
356 787 495 849 Clodium
511 789 650 848 Albinum
670 789 801 868 Lugduni
819 785 893 847 vidos

231 873 327 951 co'e'git
338 873 420 929 mori.
434 869 566 944 Quorum
575 870 669 948 prior,
680 869 835 951 AEgyptum
848 866 893 926 dur
971 880 972 921 s

231 952 385 1019 obtinens,
406 951 512 1009 bellum
534 969 684 1018 moverat,
705 949 753 1030 spe
775 950 892 1009 domina·

189 1054 192 1055 ⁷
232 1034 318 1091 tionis
335 1054 345 1101 3
368 1031 437 1090 alter
458 1031 611 1090 Pertinacis
628 1035 727 1091 auslor
747 1027 894 1097 occidendi,
971 1058 972 1131 p

151 1166 156 1177 ,
233 1111 349 1171 crimen
366 1131 443 1171 metu
456 1114 486 1170 in
503 1111 672 1183 Britannos,
688 1133 774 1192 quam
791 1112 894 1191 provin·
971 1140 972 1183 p

234 1197 309 1253 ciam
328 1192 345 1252 ‘a
363 1192 532 1254 Commodo
551 1212 718 1262 metuerat,
739 1194 896 1252 transmitte·
971 1186 972 1281 l

235 1296 266 1335 re
297 1274 460 1345 nitebatur,
482 1277 512 1334 in
536 1273 632 1335 Gallis
653 1272 791 1337 invaserat
813 1273 896 1350 lmpe·
971 1288 972 1347 s

236 1358 318 1415 rium.
337 1356 453 1415 Horum
472 1353 582 1415 infinita
603 1354 676 1414 caede
699 1355 834 1414 crudelior
852 1350 900 1410 lra-
971 1356 972 1379 ¹

236 1437 339 1505 bitus,
358 1458 390 1495 ac
414 1456 607 1518 cognomento
630 1437 786 1495 Pertinax:
809 1454 900 1515 quam-

258 1538 324 1575 uam
345 1517 383 1575 ob
401 1520 465 1576 vitae
485 1520 686 1597 parsimoniam
706 1517 846 1586 similem,
862 1516 902 1593 ip-

237 1538 301 1657 sum
321 1600 413 1680 magis
431 1595 573 1658 adscivisse
587 1599 675 1678 plures
693 1616 813 1676 putent3
833 1595 905 1657 nobis
971 1620 972 1669 3

239 1699 318 1738 mens
334 1677 370 1736 ad
389 1677 558 1739 credendum
572 1699 682 1759 prona,
704 1678 848 1737 acerbitati
858 1679 908 1735 ima
971 1682 972 1693 ¹

239 1762 372 1839 positum.
402 1759 481 1821 Nam
512 1758 577 1819 crim
611 1759 728 1840 quidam
758 1755 907 1823 hostium,

240 1861 326 1921 quem
346 1859 471 1911 tamen,
493 1843 534 1901 uti
558 1840 638 1900 bellis
665 1838 794 1900 civilibus
820 1837 907 1903 solet,
971 1878 972 1889 t

241 1921 368 1982 conditio
381 1923 440 1981 loci
458 1921 494 1980 ad
509 1922 647 1982 Albinum
664 1920 819 1991 detulerat,
837 1914 909 1977 causi
971 1986 972 2001 χ

241 2001 394 2081 expositi,
419 2003 572 2071 novissime
593 1998 767 2062 conclusisset
789 2024 796 2059 ε
816 1997 907 2075 Quid,
971 2012 972 2075 l

242 2082 357 2162 quaeso,
380 2083 506 2152 faceres,
525 2086 549 2142 si
568 2102 599 2142 tu
619 2080 713 2142 esses?
735 2082 787 2142 Isse
803 2078 908 2159 respon·
971 2086 972 2159 p

241 2163 286 2222 dit
306 2186 312 2220 :
334 2163 378 2222 Ea
396 2163 570 2242 perferrem,
589 2185 651 2244 quae
673 2182 713 2224 tu.
735 2164 804 2239 Quo
816 2161 907 2225 ,dium
971 2174 972 2177 ’

243 2243 319 2304 fasso
342 2265 375 2302 ue
396 2244 491 2304 durius
513 2241 585 2304 nihil
605 2267 614 2300 r
637 2242 701 2302 crim
723 2245 795 2302 boni
817 2237 907 2302 sanffi-

321 2265 525 2403 irujuscemodi
554 2322 734 2384 dissensiones
758 2369 769 2393 ‚
795 2321 908 2403 quamvis

971 2222 972 2309 l

267 2345 300 2384 ue

158 2416 162 2425 “
245 2347 392 2466 sudiosiris
411 2425 534 2486 coeptas,
549 2405 667 2465 fortunae
682 2407 843 2485 increpent,
857 2419 908 2458 ma·
971 2432 972 2475 p

269 2487 346 2570 isque
365 2489 395 2547 in
415 2487 617 2570 protegendis,
639 2484 724 2567 quim
746 2485 782 2544 ad
802 2480 906 2564 perden·
971 2502 972 2537 t

245 2510 316 2630 dum
330 2573 424 2639 cives,
443 2589 541 2628 verum
559 2569 701 2644 corrumpi
720 2569 863 2645 patiantur·
877 2558 908 2655 A}
971 2546 972 2625 l

247 2649 297 2711 iste
323 2649 504 2710 delendarum
525 2648 640 2728 cupidus
664 2646 842 2714 sessionum,
860 2659 907 2720 q110

249 2729 379 2809 deinceps
409 2728 503 2789 miritis
536 2748 633 2813 ageret
654 2772 666 2798 ,
693 2724 908 2811 necessitudinem

175 2817 184 2822 ’
248 2808 316 2872 faui
329 2809 424 2877 ulcisci
435 2811 535 2875 maluit
545 2852 562 2884 ,=
573 2832 609 2873 ne
626 2810 763 2893 paulatim
779 2806 824 2889 spe
836 2817 908 2869 venis
