1972 3624
198 247 264 315 372
339 222 721 301 Sextilium

195 340 384 423 impetrisset,
404 364 435 405 ut
451 365 580 425 reparato
599 345 634 405 de
651 348 803 409 limitaneis
815 346 881 411 Ua,

195 424 244 485 eiae
262 426 404 496 ertrcim,
422 446 553 489 eventum
573 428 676 487 Martis
696 449 830 509 repeteret
849 435 880 492 iu

195 504 362 567 Armeniam
383 511 541 585 majorem,
560 507 620 587 ipse
640 510 792 588 imperator
811 533 877 573 cum

195 585 305 648 duobus
318 589 458 668 equitibus
471 590 625 666 exploravit
641 587 732 650 hostes
748 614 755 649 r
769 600 797 651 et
811 613 879 655 cum

194 668 298 749 triginti
316 670 441 750 quinque
460 671 584 730 millibus
602 670 726 730 militum
745 669 877 751 superte*

194 749 275 808 niens
299 747 392 811 rustris
415 748 587 821 hostilibus,
609 749 702 812 subitio
727 753 876 815 innumera

192 823 341 891 Persarum
361 833 478 913 agmine
503 828 663 905 adgressus,
689 831 726 892 ad
747 834 874 894 inteme-

193 911 307 973 tionem
325 913 434 972 cecidit.
456 912 517 973 Rex
530 911 675 974 Persarum
690 912 814 975 Narseus
833 914 877 976 ef-

194 988 294 1074 fugit3
317 1014 388 1053 uror
408 997 467 1073 ejus
487 1003 515 1054 δι
539 992 602 1054 filit'e
623 1013 710 1072 capte
731 992 795 1055 sunt
808 1043 821 1066 ,
848 1006 876 1057 et

193 1090 261 1132 eum
278 1071 404 1135 maximi
422 1075 561 1153 pudicitie
579 1072 705 1135 custoditi
718 1072 873 1137 reservata.

193 1149 250 1214 Pro
266 1154 323 1235 qud
340 1153 580 1216 administratione
599 1153 687 1215 Persae
704 1176 764 1215 non
784 1156 876 1218 modd

182 1237 303 1308 ermis,
326 1236 373 1298 sed
393 1237 479 1297 etiam
501 1237 626 1297 moribus
648 1234 802 1315 superiores
823 1236 877 1300 effe

192 1314 342 1379 Romnum
353 1315 551 1379 confessisunt
565 1340 571 1375 :
586 1339 619 1377 at
629 1314 875 1396 Mesopotamiam

193 1414 259 1457 tum
266 1397 497 1482 Transtigritanis
506 1401 630 1480 quinque
641 1399 804 1479 regionibus
815 1400 876 1461 red·

192 1477 332 1543 diderm
346 1480 405 1540 Par
418 1477 511 1550 seila,
528 1477 664 1560 usquead
677 1477 801 1541 nostram
813 1503 874 1543 ruet

191 1563 315 1624 moriam
333 1560 505 1639 Reipublicae
526 1562 603 1621 utilis
618 1559 784 1640 perduravit.

232 1641 356 1703 XXVI.
379 1640 582 1702 Constantinus
599 1661 691 1700 rerum
713 1640 846 1703 dominus
858 1688 871 1713 ,

192 1742 319 1785 extremo
339 1724 402 1783 vite
421 1720 475 1783 suae
493 1741 641 1802 tempore,
664 1721 873 1801 expeditionem

150 1852 167 1881 s
192 1807 302 1886 putavit
320 1807 350 1864 in
363 1801 459 1865 Persas
477 1826 484 1860 ε
504 1822 566 1863 toto
583 1805 659 1863 enim
677 1803 746 1861 orbe
766 1805 874 1882 pacatis

192 1887 345 1968 gentibus,
372 1893 399 1944 δι
419 1886 524 1947 recenti
544 1884 579 1944 de
596 1881 703 1945 Gothis
722 1884 875 1964 gloriosior

191 1965 330 2038 vitione,
349 1967 444 2029 multis
459 1968 489 2025 in
503 1964 599 2026 Persas
616 1962 805 2029 descendebat
814 1987 875 2048 og-

191 2049 325 2111 minibus.
350 2048 409 2109 Sub
431 2052 508 2126 cujus
532 2047 685 2107 adventum
708 2045 873 2127 Babyloniae

190 2131 223 2190 in
234 2149 344 2190 tuntum
356 2149 444 2213 regna
456 2125 646 2208 trepidimnt,
663 2144 694 2185 ut
706 2123 821 2206 supplex
835 2124 873 2189 ed

192 2229 258 2271 eum
271 2212 378 2295 legatio
391 2230 542 2271 accurreret
557 2218 585 2270 δι
598 2205 722 2269 fauturos
735 2208 873 2286 imperata

132 2348 134 2351 ,
192 2294 380 2372 promitteret:
396 2291 458 2351 Nec
474 2310 570 2351 tumen
605 2308 637 2348 ro
659 2288 778 2349 assiduis
790 2308 875 2368 erup·

191 2374 338 2445 tionibus,
353 2393 424 2455 quas
440 2369 491 2433 sub
507 2372 556 2433 Co
638 2371 679 2429 tio
696 2365 808 2430 Caesare
826 2389 874 2448 per

104 2463 106 2468 '
192 2452 341 2517 Orientem
360 2471 534 2515 tenttrertnt
547 2498 556 2524 ‚
567 2453 681 2511 venium
698 2468 873 2511 meruerunt.

231 2534 358 2597 XXVII.
379 2531 564 2596 Conslandus
580 2534 611 2593 in
625 2527 720 2591 Persas
737 2531 819 2591 vario
840 2551 874 2591 uu

190 2620 285 2698 mugit
299 2615 408 2677 difficili
425 2617 562 2698 pugnauit
580 2632 690 2673 eventu
714 2610 816 2671 Praeter
831 2611 874 2669 le·

190 2716 239 2756 ves
256 2694 454 2758 excubantium
475 2698 506 2756 in
525 2695 617 2757 limite
637 2713 691 2753 con
712 2693 874 2762 restiones,

188 2778 294 2840 oetion
306 2780 367 2840 trie
381 2779 481 2839 novies
491 2776 664 2839 decertatum
679 2710 741 2844 esl3
763 2791 814 2853 per
826 2770 878 2837 du·
