1972 3624
243 296 311 361 292
362 269 490 341 Aure.
519 271 803 344 Vrcronrs

240 395 327 452 rectas
368 392 466 456 rotulit
487 389 537 451 suo
557 394 684 451 nomine.
706 394 815 464 Auxit,
838 411 910 453 orna-

238 476 336 554 vitque
382 494 481 533 omam
500 470 627 532 aedificiis
646 474 762 545 multis,
785 471 835 532 isto
856 475 910 556 glo·

240 556 316 614 rians
336 554 434 624 dicto,
452 554 563 615 Urbem
580 553 734 614 lateritiam
755 557 857 635 reperi,
874 576 910 613 re·

240 636 340 715 linquo
364 655 566 694 marmoream.
591 635 656 694 Fuit
681 637 784 705 mitis,
807 655 911 718 gratus,

224 716 332 779 ,civilis
351 717 442 774 animi
461 724 489 775 &
509 714 620 795 lepidi,
641 736 759 795 corpore
777 736 837 776 toto
855 717 910 796 pul·

241 794 340 865 cher,
366 794 416 855 sed
435 796 525 855 oculis
552 798 655 879 magis.
676 797 810 873 Quorum
835 800 912 856 aciem

239 878 461 937 clarissimorum
484 876 604 936 siderum
627 877 716 937 modo
738 878 867 948 vibrans,
883 879 912 936 li-
953 912 955 917 ·

241 957 341 1027 beuter
371 958 528 1037 accipiebat
555 957 618 1017 cedi
651 958 687 1017 ab
720 958 911 1019 intendentibus

241 1058 379 1120 tanquam
399 1038 474 1099 Solis
492 1038 578 1098 radiis
597 1037 721 1119 aspectui
742 1037 801 1099 suo.
824 1041 849 1099 A
868 1060 911 1098 cu·

241 1125 286 1202 jus
307 1119 379 1181 facie
403 1118 468 1179 crim
487 1119 606 1200 quidam
627 1121 708 1180 miles
728 1122 826 1181 oculos
841 1141 911 1180 arer-

243 1221 336 1273 teret‚
353 1210 381 1261 &
398 1204 615 1285 interrogaretur
633 1202 670 1261 ab
689 1222 745 1271 eo,
765 1223 812 1261 cur
830 1204 866 1260 ita
877 1200 914 1260 fa·

244 1303 339 1354 cerer,
361 1280 531 1362 respondit:
555 1282 633 1359 Quia
651 1281 762 1343 fulmen
783 1284 913 1342 oculorum

244 1384 358 1425 tuorum
376 1362 451 1423 ferre
470 1385 529 1424 non
548 1360 669 1443 pollunr.
693 1364 758 1424 Nec
777 1382 866 1424 tamen
880 1365 914 1421 vit

244 1456 351 1507 tantu?
364 1446 440 1505 vitiis
471 1446 569 1504 caruit.
594 1445 659 1504 Fuit
683 1447 761 1504 enim
787 1441 914 1526 paululdm

246 1527 417 1606 impatiens,
435 1526 533 1585 leviter
552 1524 726 1595 iracundus,
745 1527 851 1586 occulte
873 1528 914 1584 in-

247 1607 350 1678 vidus,
373 1603 467 1686 palitm
484 1605 639 1678 factiosum
656 1606 742 1688 porrb
764 1627 851 1666 autern
867 1605 915 1665 do·
968 1630 969 1635 ¹

246 1686 401 1758 minandi,
425 1683 506 1767 snpra
535 1685 622 1767 quim
652 1687 783 1748 aestimari
813 1685 918 1769 potest,
968 1694 969 1737 ἱ

248 1769 428 1833 avidissimus
452 1813 462 1839 ,
496 1766 716 1830 studiosissimus
747 1771 812 1829 aleae
842 1765 917 1828 lusor.

249 1849 385 1933 Cumque
405 1845 471 1909 effet
492 1851 550 1908 cibi
572 1873 605 1912 ac
628 1852 689 1909 vini
710 1851 849 1921 multum,
869 1850 918 1908 ali·

250 1952 388 2015 quatenus
408 1927 477 1991 verb
498 1928 592 1990 somni
615 1930 778 2003 abstinens,
798 1929 921 1992 serviebat

251 2033 350 2074 tamen
366 2010 480 2072 libidini
492 2010 580 2094 usque
600 2011 636 2072 ad
658 2014 794 2093 probrum
811 2013 922 2094 vulgaris

251 2093 346 2156 famae.
374 2093 453 2155 Nam
480 2095 552 2153 inter
582 2093 734 2153 duodecim
762 2096 921 2162 catamitos,

253 2176 430 2255 totidemque
451 2174 578 2254 puellas,
596 2175 732 2234 accubare
752 2172 849 2235 solitus
867 2191 922 2232 erat.

253 2255 375 2338 Abjeml
399 2276 513 2336 quoque
535 2276 620 2315 uxore
643 2256 816 2327 Scribonii,
839 2272 923 2316 amore

253 2340 353 2400 alienat
381 2339 510 2419 conjugis
533 2333 687 2418 pollellus,
719 2339 832 2397 Liviam
876 2334 925 2395 uari

255 2423 361 2482 marito
381 2417 558 2479 ‘concedente
581 2420 636 2479 sibi
662 2421 817 2497 conjunxit.
849 2359 900 2479 ὅ

877 2439 893 2476 ιι

256 2503 345 2565 Livia
366 2505 424 2580 jam
447 2518 526 2559 erant
547 2498 597 2560 lilii
618 2499 751 2559 Tiberius
773 2509 801 2559 &
821 2434 927 2559 Dmdd

258 2583 392 2663 Cumque
415 2577 481 2644 effet
508 2582 623 2641 luxuriae
650 2577 791 2651 serviens,
814 2601 872 2640 erat
893 2597 927 2637 ta·

259 2685 327 2727 men
341 2661 465 2742 ejusdem
476 2664 541 2722 vitii
554 2660 740 2722 severissimus
753 2663 845 2734 ultor,
864 2676 928 2722 more

260 2741 432 2888 pominum,
451 2746 501 2823 qui
519 2745 550 2802 in
570 2742 735 2803 ulciscendis
753 2744 854 2814 vitiis,
869 2741 927 2884 pui-

233 2892 235 2896 ,
282 2847 313 2888 us
330 2828 383 2907 ipsi
394 2821 574 2887 vehementer
585 2824 759 2908 indulgent,
776 2846 857 2886 actes
881 2838 928 2881 unt
