1982 3614
212 247 278 297 uu
311 232 648 299 CAEsAntuus.
701 257 768 319 279

42 387 46 393 -
87 346 242 418 sereretur,
269 348 352 407 ltalia
376 347 516 418 decessit,
542 348 627 428 pauld
648 371 682 410 ue
710 350 771 431 post

88 431 204 490 vulnere
235 427 372 507 pestilenti
400 427 580 510 consumptus
607 372 673 502 etl,
706 430 770 492 crim

88 532 191 593 agrum
219 507 284 569 satis
311 509 482 589 Reipublicae
507 510 769 585 commodantem,

89 593 167 651 caesis
189 591 362 662 immanibus
387 590 492 661 silvis,
516 610 600 672 atque
624 589 721 652 emiss'o
741 596 772 653 in

88 671 258 733 Danubium
278 671 341 730 lacu
355 668 497 741 Pelsone,
518 672 592 752 apud
607 673 771 734 Pannonios

89 749 207 813 feciffet.
234 750 324 830 Cujus
353 750 443 834 gratia
474 753 647 830 provinciam
679 756 772 815 uxoris

89 835 210 894 nomine
230 833 378 892 Valeriam
400 833 558 913 appellavit.
584 833 662 895 Huic
682 838 771 916 quiu-

89 915 210 1055 quennii
238 914 416 994 imperium,
448 911 619 974 Constantio
645 937 771 976 annuum

105 997 172 1066 uit,
194 991 258 1052 cuitu
279 991 346 1053 sane
366 1012 479 1074 uterque
497 998 652 1072 potentiam
669 995 770 1057 Caesa-
804 1066 807 1075 .
860 1050 862 1053 ,

88 1096 155 1134 rum
176 1096 266 1135 annos
283 1074 414 1135 tredecim
433 1071 581 1157 gessissent.
607 1075 689 1136 Adeb
707 1079 772 1137 miri

90 1176 198 1216 natiuae
216 1156 341 1227 officiis,
365 1175 396 1215 ut
413 1176 446 1214 ea
466 1158 488 1214 si
507 1154 523 1214 l
540 1156 630 1215 doeris
647 1159 770 1236 pectoris

90 1236 145 1296 bus
162 1233 422 1315 proficiscerentur,
445 1256 535 1316 neque
551 1234 705 1296 insulsitate
720 1236 771 1296 of·

89 1315 263 1388 fenderent,
283 1313 359 1376 haud
378 1316 463 1377 dubie
477 1319 612 1397 praecipua
631 1315 772 1377 haberen-

92 1416 147 1457 tur.
175 1397 270 1474 Quare
297 1416 471 1477 compertum
493 1396 533 1455 est
550 1394 772 1472 eruditionem,

89 1479 287 1573 elegantiam,
310 1480 474 1538 comitatem
494 1476 667 1558 praesertim,
690 1479 771 1540 Prin-

90 1559 205 1639 cipibus
224 1554 385 1619 netellatias
401 1555 478 1628 effe,
500 1557 564 1619 crim
582 1561 641 1619 sine
660 1557 705 1619 his
725 1583 775 1621 na·

92 1657 163 1700 turae
194 1639 270 1698 bona
300 1641 382 1720 quasi
410 1642 579 1721 incompta,
606 1660 654 1700 aut
687 1644 774 1701 etiam

91 1716 209 1779 horrida
228 1718 368 1799 despediui
388 1723 465 1791 sint3
484 1741 635 1803 contraque
655 1741 688 1781 ea
707 1722 774 1782 Per·

91 1798 189 1861 sarum
206 1803 265 1884 tegi
277 1801 356 1881 Cyro
369 1821 500 1861 aternam
515 1803 636 1883 gloriam
657 1823 774 1881 parave-

90 1883 162 1941 rint.
201 1886 240 1940 At
271 1882 410 1941 memorii
438 1879 504 1940 mei
528 1880 772 1954 Constantinum,

92 1983 270 2044 quamquam
293 1964 395 2022 ceteris
415 1980 576 2041 promptum
601 1963 772 2035 virtutibus,

92 2044 130 2103 ad
157 2042 244 2123 usque
267 2041 335 2103 astra
358 2045 433 2103 uotis
460 2045 590 2102 omnium
614 2041 771 2105 subvenere.

92 2123 158 2202 Qui
175 2122 302 2204 profeeid
319 2126 342 2185 si
356 2120 554 2184 munificentiae
571 2142 655 2205 atque
672 2125 771 2185 ambi·
865 2176 870 2179 .

92 2206 170 2265 tioni
194 2204 341 2274 modum,
363 2202 461 2285 bisque
484 2206 589 2265 artibus
611 2203 771 2277 stantiliet,

326 2285 422 2385 itt
438 2285 772 2426 armentu
830 2333 834 2340 ·

92 2386 444 2507 bbiuilemllltdibgldbddetc
458 2447 532 2506 Deo.
556 2446 583 2506 ls
601 2447 652 2506 ubi
672 2411 773 2506 vallari

93 2528 208 2588 Urbem
220 2574 232 2598 ,
254 2547 337 2608 atque
355 2527 469 2587 Italiam
487 2528 645 2606 comperit,
665 2525 774 2606 pulsos-

96 2628 154 2689 que
173 2607 222 2668 seu
237 2609 395 2688 redemptos
411 2609 570 2678 exercitus,
593 2615 626 2667 δι’
643 2607 772 2687 Impera-

97 2708 173 2747 tores
189 2689 283 2761 duos,
307 2688 463 2771 compositi
484 2708 550 2768 pate
573 2708 621 2768 per
640 2689 773 2761 Gallias,

95 2768 277 2833 Maxentium
296 2773 374 2852 petit.
391 2770 436 2833 Ea
453 2767 613 2852 tempestate
626 2770 699 2851 apud
713 2772 773 2831 Ρα-
