2010 3616
184 240 240 291 Da·
259 224 380 292 Vinrs
396 238 687 291 rirusrnrsus.
718 247 785 313 ¹79

97 343 235 403 Visiores
245 341 324 403 Galli
334 343 447 404 Urbem
460 345 633 402 intraverunt
650 387 659 413 ‚
674 342 723 401 ubi
736 365 787 402 no·

97 424 254 485 bilissimos
274 422 372 484 senum
390 427 420 484 in
439 424 579 483 curulibus
598 432 625 484 &
644 422 787 484 honorum

97 505 278 588 insignibus,
297 502 391 586 primb
404 524 436 564 ut
448 506 526 566 Deos
545 509 688 576 venerati,
705 506 787 566 dein-

98 587 133 646 de
153 608 187 647 ur
212 585 341 647 homines
359 584 515 666 despicati,
535 586 705 647 interfecbre.
727 587 787 646 Re-

98 669 178 750 liqua
198 673 328 749 juventus
347 690 411 727 cum
430 668 543 728 Manlio
561 671 590 728 in
607 668 788 749 Capitolium

99 748 175 833 fagit
200 796 212 820 ‚
236 750 285 809 ubi
310 745 448 819 obsessa,
476 748 595 809 Camilli
617 752 719 810 virtute
745 749 787 810 est

100 827 222 891 servata.
242 831 302 907 Qui
321 828 420 890 absens
432 829 565 890 Distator
584 829 694 902 dietus,
717 833 786 891 col·

100 911 179 972 lestis
203 913 340 991 reliquis,
360 911 461 972 Gallos
480 911 648 992 improvisos
666 916 788 974 interne·

100 997 184 1053 sione
198 993 314 1051 occidit.
330 993 470 1072 Populum
484 993 648 1053 Romanum
667 998 790 1090 migrare

101 1073 195 1134 Veios
223 1074 366 1135 volentem
389 1076 510 1133 retinuit.
531 1075 577 1134 Sic
600 1084 627 1135 8(
650 1076 790 1157 oppidum

100 1157 234 1226 civibus,
254 1160 282 1215 δι
302 1157 375 1215 cives
395 1155 502 1235 oppido
520 1154 651 1215 reddidit.

142 1236 276 1296 XXIV.
297 1236 423 1296 Manlius
442 1238 480 1295 ob
499 1234 646 1297 defensum
670 1236 790 1318 Capito·

102 1319 173 1378 lium
193 1317 374 1397 Capitolinus
395 1317 508 1386 dietus,
528 1316 668 1379 sexdecim
691 1341 791 1379 anno-

103 1420 167 1458 rum
185 1399 378 1458 voluntarium
396 1400 515 1459 militem
537 1397 566 1458 se
587 1399 698 1460 obtulit.
714 1397 787 1462 Tri-

104 1482 184 1562 ginta
206 1477 313 1559 septem
334 1479 503 1540 militaribus
524 1479 606 1539 donis
623 1479 641 1540 ὲ
663 1476 718 1540 suis
735 1482 790 1542 du-

103 1562 183 1621 cibus
212 1579 325 1620 ornatus
348 1607 359 1629 ,
384 1563 487 1643 viginti
512 1578 567 1620 tres
595 1564 735 1622 cicatrices
758 1567 789 1624 in
849 1599 859 1609 ·

105 1645 221 1722 pedore
239 1639 454 1721 habuitJCapti
470 1643 553 1703 Urbe
570 1646 668 1702 ausint
686 1645 716 1703 in
730 1643 790 1704 Ca*

105 1725 240 1802 pirolium
260 1721 443 1806 conflagiendi
465 1722 528 1782 suit.
549 1722 682 1801 Quidam
705 1728 792 1787 nobie

106 1806 166 1864 elan
189 1825 243 1863 ore
253 1801 356 1863 anseris
370 1807 518 1874 excitatus,
529 1804 629 1864 Gallos
643 1803 795 1876 ascendens

105 1904 145 1945 tes
165 1826 278 1964 sejecir.
295 1886 432 1945 Patronus
453 1883 471 1944 ‘a
487 1885 595 1943 civibus
614 1887 765 1965 appellatus
781 1933 794 1959 ‚

104 1975 133 2026 δι
149 1966 226 2026 farre
242 1964 361 2025 donanis
378 1964 425 2024 est.
439 1966 570 2025 Domum
584 1968 670 2025 etiam
686 1970 715 2026 in
732 1966 792 2029 Ca-

105 2047 210 2127 pitolio
230 2047 340 2126 publici
358 2051 473 2127 accepit.
493 2045 560 2123 Qui
581 2045 613 2107 su
632 2046 710 2107 erbii
727 2049 792 2108 ela·

107 2146 180 2199 tus,
212 2127 277 2188 crim
303 2128 438 2190 Senatum
463 2067 639 2209 suppressisse
664 2128 793 2191 Gallicos

106 2206 254 2269 thesauros
278 2227 438 2292 argueret,
465 2218 493 2269 &
526 2207 652 2270 addislos
668 2210 794 2371 proprii

107 2288 231 2369 pecuniis
240 2290 391 2362 liberaret,
406 2293 487 2372 regni
500 2287 622 2350 afferrati
635 2290 666 2350 su
700 2295 793 2351 icione

106 2373 137 2430 in
163 2391 307 2430 carcerem
333 2375 505 2453 comestus,
533 2374 630 2452 populi
655 2371 793 2433 consensu
827 2424 831 2431 .

107 2452 243 2512 liberatus
261 2451 308 2512 est.
328 2451 435 2514 Rursus
453 2451 517 2512 crim
530 2455 560 2512 in
575 2451 673 2512 eidem
692 2453 792 2533 culpi,

106 2541 134 2593 &
148 2535 264 2617 gravius
277 2532 486 2614 perseveraret,
507 2553 568 2594 teus
578 2532 697 2603 sacrus,
713 2542 739 2593 δι
754 2536 793 2594 ob

107 2613 294 2694 conspestum
319 2614 457 2695 Capitolii
481 2615 629 2694 ampliatus
656 2613 701 2685 est.
726 2616 795 2675 Alio

107 2694 213 2754 deinde
234 2696 300 2754 loco
324 2696 492 2767 damnatus,
511 2704 539 2755 &
558 2695 593 2754 de
615 2697 690 2757 Saxo
713 2695 792 2756 Tar·

107 2779 173 2856 pelo
195 2779 381 2859 praecipitatus
397 2776 445 2839 esb
460 2778 573 2841 Domus
590 2776 681 2921 limi
696 2801 703 2836 ι
717 2778 795 2840 bona

645 2881 673 2941 VJ
