1982 3614
185 258 254 309 na
283 242 621 311 ennarrans.
672 247 737 329 265

62 361 178 442 Optimi
189 360 367 430 mortalium,
377 362 440 419 vitae
452 358 567 430 decore,
576 356 661 445 quim
671 378 746 441 qua-

63 445 122 504 s'itis
136 442 302 501 nominibus
315 447 405 522 atque
413 442 590 521 compositis,
607 459 748 522 quantum

64 525 254 601 conjiciatur,
275 523 374 581 caelum
393 521 515 594 adeunt,
538 520 587 581 seu
599 520 678 580 fami
694 519 748 581 lro÷

63 606 176 664 minum
190 604 247 663 Dei
265 603 436 662 celebrantur
451 602 550 662 modo.
573 604 612 662 At
626 603 746 664 Senatus

64 704 213 765 comperto
226 683 277 743 tali
290 685 397 754 exitio,
412 682 543 744 satellites
558 682 747 764 propinquos

85 787 120 824 ue
137 785 186 845 per
203 762 291 824 scalas
309 764 465 824 Gemonias
484 784 602 844 praeceps
619 765 746 847 agendos

64 788 211 913 secrevit,
230 864 404 926 patronoque
423 843 483 904 fisci
502 847 531 904 in
546 845 664 905 Curiam
682 867 748 927 per-s

65 927 133 986 duci
151 923 263 985 effossos
281 926 379 986 oculos
399 923 555 1006 pependisse
575 925 640 986 satis
659 925 747 986 cons-

65 1026 133 1077 tat,
156 1005 221 1066 etim
241 1009 344 1066 irruens
364 1007 487 1090 vulgus,
512 1008 573 1088 pati
599 1009 721 1067 clamore
734 1053 747 1079 ,

65 1088 191 1147 Terram
210 1105 352 1159 matrem,
371 1086 505 1169 Deosque
525 1086 629 1149 inferos
647 1092 747 1167 pte'ca-

65 1188 164 1240 tetut,
191 1165 268 1232 sedes
293 1171 393 1249 impias
417 1171 456 1228 uti
484 1168 617 1228 Gallieno
643 1167 749 1231 darent.

65 1253 112 1310 Ac
128 1250 185 1308 nisi
198 1248 335 1310 Claudius
350 1247 497 1308 confestim
512 1247 621 1328 recepti
633 1250 751 1309 Medio-

66 1331 140 1390 liani
162 1329 230 1388 urbe
244 1376 256 1400 ,
282 1348 430 1409 tamquam
452 1328 591 1410 postulato
617 1329 751 1392 exercitiis

66 1410 265 1492 parcendum,
287 1413 336 1492 qui
355 1411 428 1469 forti
447 1431 546 1470 eorum
568 1409 750 1492 supererant,

67 1488 269 1573 praecepisset,
295 1493 429 1552 nobilitas
453 1490 603 1573 plebesque
631 1496 751 1555 atrocius
822 1558 825 1565 ἴ

69 1570 262 1656 grassarentur.
294 1573 333 1631 Et
360 1573 453 1633 Patres
484 1572 600 1654 quidem
614 1617 637 1645 ,-
655 1593 756 1654 prater-

69 1672 225 1714 eommune
242 1652 368 1712 Romani
385 1655 492 1713 malum
510 1654 608 1726 orbis,
629 1653 753 1727 stimula-

69 1736 122 1795 bat
142 1755 194 1814 pro
213 1736 247 1792 rii
262 1734 367 1793 ordinis
385 1737 556 1796 contumelia
575 1759 581 1792 :
602 1738 669 1816 quia
689 1737 753 1815 pri-

71 1837 136 1875 mus
157 1756 236 1895 ipsi,
257 1833 333 1873 metu
350 1813 482 1875 socordia
500 1812 579 1882 suae,
603 1836 638 1874 ne
657 1817 751 1894 impe-

69 1898 148 1955 rium
166 1895 203 1955 ad
220 1894 355 1975 Optimos
374 1895 524 1954 Nobilium
541 1893 752 1966 transferretur,

69 1978 210 2038 Senatum
227 1972 329 2035 militia
344 1977 455 2046 vetuit,
476 1977 561 2033 etiam
577 1976 653 2036 adire
672 1990 752 2036 exer-

70 2061 173 2117 citum.
210 2056 287 2116 Huic
318 2076 422 2117 novem
456 2077 594 2118 annorum
629 2061 755 2139 potentia

70 2139 138 2199 suit.
417 2184 420 2189 »
455 2186 458 2189 ,

114 2217 277 2279 XXXIV.
299 2218 355 2278 Sed
374 2211 491 2279 Claudii
509 2218 662 2299 Imperium
679 2222 757 2281 mili-

72 2320 117 2360 tes
129 2345 139 2372 ,
167 2321 239 2380 quos
265 2299 323 2359 fere
353 2300 448 2359 contra
474 2298 620 2383 ingenium
644 2302 756 2382 perditae

70 2370 124 2441 re?
139 2379 273 2463 subigunt
294 2383 369 2440 resia
393 2378 558 2451 consulere,
584 2381 634 2439 ubi
655 2382 759 2441 afflicta

72 2463 177 2521 mnnia
196 2459 378 2542 perspexere,
403 2460 491 2521 avide
510 2461 686 2541 approbant,
705 2483 757 2521 ex·

72 2542 258 2623 tolluntque,
278 2544 330 2602 viti
349 2542 480 2603 laborum
500 2542 652 2621 patientis,
672 2544 760 2623 aequi-

73 2644 133 2703 que
154 2645 187 2682 ac
206 2621 313 2703 prorsuis
332 2622 420 2683 dediti
439 2621 619 2701 Reipublicae.
643 2623 757 2705 Quippe

73 2724 107 2762 ut
121 2704 212 2784 longo
225 2704 374 2764 intervallo
387 2704 540 2764 Deciorum
557 2724 665 2762 motem
678 2725 759 2765 reno-

71 2785 195 2846 vaverit.
211 2784 290 2845 Nam
308 2782 372 2847 etim
384 2785 484 2868 pellere
504 2781 617 2845 Gothos
631 2780 760 2867 cuperet,

603 2866 639 2926 M
707 2925 712 2933 .
