2010 3616
229 221 296 284 186
376 211 502 281 Aur.
532 212 750 281 Vrcroa

223 335 445 394 Tarentinorum
458 332 566 391 bellum
579 331 720 392 Romanis
735 331 835 391 intulit.
846 331 902 391 Lae·

224 421 323 476 vinum
350 412 507 475 Consulem
538 411 611 493 apud
644 412 811 472 Heracleam
843 413 898 471 ele·
987 430 988 447 t

225 496 395 579 phantorum
412 497 537 555 novitate
553 495 683 553 turbavit.
702 492 833 576 Ctimque
843 494 901 552 Ro-

224 601 326 638 manos
348 576 467 637 adversis
483 576 643 637 vulneribus
662 575 770 636 occisos
782 575 900 635 videret:
987 600 988 611 ¹

224 659 313 743 Ego,
334 654 448 739 inquio,
469 657 571 716 talibus
595 657 732 717 militibus
756 657 833 716 brevi
852 677 900 715 or·
987 714 988 721 ,

224 742 290 800 bem
312 760 446 799 terrarum
468 736 597 797 subiere
619 735 776 817 potuissem.
799 736 903 797 Amicis
987 784 988 803 ἶ

225 822 453 905 gratulantibus,
474 758 551 901 quid
564 816 637 881 mihi
658 840 723 879 cum
740 819 791 878 tali
810 821 901 878 viclo·

226 902 288 974 riri,
307 904 417 983 inquit,
431 901 481 959 ubi
498 899 633 959 exercitiis
653 901 739 959 robur
756 902 902 960 amittam?
987 906 988 909 ’

227 984 275 1044 Ad
291 985 457 1043 vicesimum
470 981 506 1040 ab
517 982 599 1043 Urbe
609 981 735 1062 lapidem
755 979 840 1040 castra
858 1001 905 1060 po·
987 984 988 993 ’

227 1063 291 1124 suit.
322 1065 461 1143 Captivos
498 1062 629 1121 Fabricio
662 1063 748 1144 gratis
781 1060 903 1121 reddidit.

226 1145 302 1206 Viso
317 1147 425 1205 Laevini
440 1145 581 1213 exercitu,
593 1141 713 1203 eandem
731 1141 786 1203 sibi
802 1144 841 1201 ait
857 1140 906 1201 ad-

227 1226 323 1287 versus
342 1227 512 1295 Romanos,
534 1245 622 1304 quam
641 1224 758 1283 Herculi
780 1220 906 1284 adverstis

227 1304 368 1389 hydram,
386 1303 465 1366 fuiffe
484 1305 637 1366 fortunam.
662 1306 691 1364 A
707 1306 799 1366 Curio
816 1313 843 1364 &
859 1305 906 1363 Fa·

228 1388 317 1447 bricio
343 1388 513 1467 superatus,
542 1386 701 1446 Tarentum
724 1385 855 1468 refugit3
878 1389 906 1445 in
987 1436 988 1443 ,

228 1471 354 1529 Siciliam
377 1472 494 1547 trajecit.
518 1468 592 1528 Mox
616 1470 647 1526 in
672 1467 786 1527 Italiam
807 1467 907 1525 Locros
987 1496 988 1507 κ

229 1548 383 1633 regreffus‚
412 1551 561 1629 pecuniam
592 1546 763 1628 Proserpinae
794 1545 908 1608 avehere
987 1542 988 1563 ¹

229 1634 347 1690 tentavit
363 1655 369 1687 :
385 1628 433 1689 sed
450 1651 483 1688 ea
501 1628 653 1712 naufragio
669 1629 755 1688 relata
773 1627 821 1688 est.
835 1629 909 1689 Tum
987 1644 988 1651 ’

230 1713 260 1770 in
284 1712 426 1772 Graeciam
447 1708 600 1792 regreffus‚
618 1708 683 1770 crim
703 1713 799 1791 Argos
817 1731 907 1790 oppu-
987 1708 988 1769 j

225 1814 349 1876 gnaret,
365 1794 423 1852 ictu
442 1793 542 1874 tegulae
562 1789 713 1871 prostratus
733 1788 780 1850 est.
802 1791 909 1871 Corpus
987 1786 988 1825 3

229 1875 266 1935 ad
277 1876 457 1957 Antigonum
477 1894 572 1958 regem
583 1872 763 1933 Macedoniae
777 1873 910 1945 relatum,

232 1952 383 2038 magnifice
401 1954 548 2034 sepultum.

272 2034 391 2117 Pyrrhus
413 2035 476 2095 crim
493 2035 614 2097 secundo
630 2034 726 2116 praelio
747 2033 911 2096 itRomauis

232 2114 297 2176 ellot
323 2114 416 2198 pulsus
442 2117 630 2188 Tarentum,
661 2119 807 2194 interjedio
838 2139 911 2176 anno

210 2216 329 2273 ¹contra
351 2196 490 2280 Pyrrhum
510 2199 653 2258 Fabricius
673 2195 767 2258 miffus
786 2196 844 2268 est,
864 2201 911 2279 qui

232 2279 308 2363 priris
334 2281 406 2339 inter
430 2281 539 2363 legatos
561 2278 706 2340 sollicitari
725 2301 784 2338 non
807 2298 913 2359 poterat
987 2280 988 2339 3

233 2360 334 2443 quarti
353 2384 380 2421 re
403 2364 433 2421 ni
453 2380 528 2443 parte
549 2357 693 2442 promissi.
718 2360 796 2420 Cum
821 2362 911 2421 vicina

234 2441 321 2502 castra
344 2382 430 2524 iph,
461 2451 487 2502 δι
511 2443 572 2502 Rex
597 2439 733 2501 haberent
752 2487 764 2510 ,
790 2441 911 2501 medicus
987 2460 988 2507 ξ

233 2522 335 2605 Pyrrhi
352 2527 434 2585 noste
452 2522 488 2582 ad
506 2545 570 2582 eum
588 2525 687 2594 venit,
703 2525 868 2603 promittens
884 2520 912 2582 se

235 2604 372 2684 Pyrrhum
387 2626 497 2666 veneno
513 2601 692 2673 occisurum,
714 2607 738 2664 si
753 2604 807 2662 sibi
825 2603 911 2684 quid-

237 2706 323 2764 quam
345 2688 568 2768 pollicitaretu13
586 2707 671 2767 quem
682 2685 824 2744 Fabricius
836 2686 916 2745 vinc·
987 2694 988 2699 ’

237 2785 297 2824 tum
317 2767 412 2827 reduci
435 2769 515 2850 jussit
537 2767 573 2828 ad
593 2768 742 2828 dominum
756 2812 768 2835 ‚
789 2764 917 2848 Pyrrho·
