2056 3628
376 288 378 291 .
575 288 579 293 .
669 286 712 349 3

183 447 381 530 ANNA
429 444 741 526 DACERIA

85 622 87 635 '
149 709 155 722 .
238 597 301 718 IN*
329 638 695 717 PRAEFATI'ONE'

90 835 239 930 ''AD
292 826 807 928 EuTRoPJuJu

125 974 216 1116 UT
234 1039 324 1102 studia
341 1059 454 1121 optatos
466 1031 571 1101 fruens
584 1039 697 1112 ferant,
714 1033 809 1101 Huu

125 1114 168 1184 ria
186 1124 320 1182 Romana
345 1122 471 1202 apprime
492 1121 612 1180 tenenda
633 1120 692 1192 est,
715 1120 806 1182 adeo-

126 1226 183 1286 que
209 1203 323 1344 lependi
346 1205 376 1262 in
394 1204 503 1262 Latinis
521 1202 639 1282 quidem
649 1202 733 1263 Titus
752 1203 809 1265 Li-

125 1288 213 1356 vius,
262 1287 374 1354 acitns,
398 1280 568 1347 Ammianus
583 1306 593 1354 3
615 1293 642 1345 &
659 1285 691 1343 in
704 1283 810 1346 Graecis

125 1359 285 1445 Dionysius
295 1362 527 1445 Huliearnallaeus
537 1408 548 1435 ,
561 1364 697 1445 Polybius
709 1409 718 1436 ,
730 1365 811 1428 Dion

129 1447 274 1508 Cassius:
293 1445 342 1506 sed
364 1448 431 1526 quia
452 1445 522 1505 illud
542 1463 625 1506 tantae
646 1448 730 1506 molis
749 1446 812 1520 est,
877 1495 885 1503 .

127 1538 162 1587 ut
174 1529 223 1587 vix
242 1525 303 1607 post
322 1528 433 1587 multos.
443 1545 534 1587 annos
554 1528 686 1609 explicari
700 1531 811 1608 possit,

128 1629 197 1668 com
218 1607 335 1668 endiosa
363 1607 492 1688 quaedum
519 1609 566 1668 via
594 1606 736 1689 sequenda
762 1609 810 1670 eu

126 1629 233 1750 Przllu
244 1687 309 1748 sunt
320 1690 406 1771 igitur
415 1689 534 1760 Florus,
548 1685 678 1750 Aurelius
687 1691 809 1760 Victor,

127 1761 305 1851 Eutropius,
327 1791 398 1851 quos
414 1772 537 1833 minores
547 1769 704 1833 Histuticns
722 1770 812 1854 vulgo

130 1868 244 1911 vocant
270 1851 386 1910 Florum
413 1850 529 1932 quidem
551 1854 697 1930 juventuti¹
718 1852 813 1913 minuis
877 1884 879 1889 ·

129 1950 230 2012 aptum
249 1932 391 2004 arbitror,
413 1934 518 2014 quippe
534 1933 585 2012 qui
602 1953 662 1992 non
679 1945 739 1992 tom
755 1933 813 1993 Hi-

129 2010 247 2073 storicus
297 2011 363 2072 uim
387 2012 513 2083 Orator,
539 2012 597 2074 sive
620 2012 811 2098 panegyrista.

128 2092 262 2156 Aurelius
276 2033 389 2154 (l'iCtor
406 2087 564 2169 Histoticus
589 2094 705 2176 quidem
730 2099 811 2175 opti-

129 2195 197 2233 mus
205 2221 219 2245 „
244 2172 293 2234 sed
341 2177 372 2253 ui¹
397 2172 552 2251 fluuiorum
576 2174 687 2237 ietatetn
711 2173 814 2256 poscit.

129 2253 194 2314 Vix
213 2257 290 2314 enim
309 2196 346 2313 al>
367 2256 400 2314 iis
420 2255 540 2339 intelligi
564 2258 667 2350 poterit
683 2259 734 2337 qui
752 2279 814 2319 non

13 2352 17 2361 '
129 2335 261 2416 aliquam
286 2334 418 2396 Historiae
441 2336 579 2396 Romanae
602 2339 735 2397 notitiam
757 2356 815 2418 prae

130 2410 163 2477 se
191 2415 291 2476 ferant.
323 2414 476 2496 Eutropius
503 2418 616 2499 reliquis
642 2417 813 2499 praestantior

113 2513 290 2579 ‚tenereque
310 2518 458 2577 puetotum
477 2501 551 2559 aetati
571 2499 784 2569 convenientior
804 2522 813 2558 z

129 2589 202 2638 num
224 2597 409 2660 praeterquam
431 2575 510 2660 quod
533 2576 596 2637 stilo
618 2579 705 2660 plano
727 2576 767 2638 est
786 2588 814 2640 oc

131 2657 233 2730 facili,
257 2658 310 2719 etsi
327 2653 496 2741 quandoque
515 2657 608 2720 minuis
627 2679 719 2740 puro,
739 2676 815 2720 tem·

154 2759 203 2798 ora
218 2741 320 2799 omnia
336 2742 462 2800 accurate
478 2741 580 2820 ponit,
597 2760 657 2822 quae
675 2743 699 2802 si
716 2742 746 2801 in
759 2741 813 2802 Hi-

126 2758 222 2884 lonis
242 2819 446 2905 negligantur,
469 2821 576 2905 reliqua
593 2825 692 2882 omnia
713 2843 789 2885 tuere
800 2868 811 2899 ‚

502 2954 506 2962 .
609 2902 689 2989 Auj
