2010 3616
303 211 486 280 Liras
519 211 596 278 IX.
726 229 796 303 ¹05

101 330 243 391 felicitate
256 331 420 389 revocavit:
436 327 576 410 superavit
586 332 617 388 in
631 327 728 391 Gallia
738 331 796 391 Te⁴

101 414 209 472 tticum
220 410 296 492 apud
309 411 507 483 Catalaunos,
526 410 588 493 ipso
602 409 719 475 Tetrico
730 433 794 493 pro·

102 493 189 563 dente
212 494 364 551 exercitum
385 490 486 562 suum,
509 497 587 572 cujus
605 492 728 555 assiduas
747 492 793 554 se-

102 568 228 634 ditiones
245 573 316 632 ferre
333 596 391 632 non
407 592 517 655 poterat
532 597 539 631 :
554 574 623 656 quin
640 576 726 635 etiarn
742 596 792 655 pet

103 655 212 715 litteras
232 655 358 714 occultas
378 654 561 717 Aurelianum
578 654 617 715 ita
635 653 726 717 fuerat
740 656 789 716 de-

102 755 256 816 precatus,
280 755 311 795 ut
335 736 407 796 inter
429 736 486 795 alia
515 735 596 796 versu
622 737 796 821 Virgiliano

106 836 249 876 uteretur:

231 898 317 973 Eripe
336 920 378 956 me
394 897 440 956 liis
450 943 461 967 ‚
473 899 594 970 invide,
611 902 705 961 malis.
729 972 732 977 ἱ

103 978 267 1038 Zenobiam
313 999 437 1059 uoque,
464 1000 525 1060 quae
552 978 647 1040 occiso
671 981 788 1046 Odena-

105 1057 159 1118 tbo
177 1062 281 1119 marito
292 1001 445 1120 brienum
461 1061 591 1131 tenebat,
612 1058 688 1122 haud
699 1064 789 1148 longe

104 1141 142 1200 ab
163 1139 320 1201 Antiochii
338 1143 396 1201 sine
415 1143 495 1224 gravi
511 1141 608 1222 praelio
627 1145 724 1224 cepit:
747 1148 790 1206 in-

105 1219 268 1304 grelsusque
284 1222 432 1293 Romam,
449 1222 578 1282 nobilem
592 1222 788 1305 triumphum,

104 1306 188 1383 quasi
199 1302 456 1384 receptorOrientis
466 1301 637 1363 Occidentis
653 1325 706 1376 ue,
716 1308 792 1399 egit,

105 1405 217 1444 currum
228 1383 444 1465 praecedentibus
458 1383 574 1443 Tetrico
587 1394 614 1445 &
632 1326 763 1447 {enobri
778 1412 787 1453 ;

105 1467 156 1546 qui
176 1465 293 1547 quidem
310 1467 439 1526 Tetricus
459 1467 543 1525 etiam
562 1465 713 1528 Corrector
726 1469 787 1530 Lu-

105 1548 194 1632 cpniae
218 1545 313 1625 postea
334 1548 408 1618 fuit,
428 1540 461 1605 ac
487 1549 609 1627 privatus
629 1547 787 1611 diutissimb

104 1630 185 1687 vixit.
203 1627 331 1688 Zenobia
350 1646 445 1687 autem
461 1627 602 1708 posteros,
623 1633 674 1712 qui
692 1630 786 1692 adhuc

104 1728 223 1768 manent
234 1756 246 1780 ,
260 1709 365 1768 Romae
386 1709 507 1789 reliquit.

144 1790 231 1850 XIV.
257 1789 324 1851 Hoc
345 1792 498 1871 imperante
523 1792 609 1851 etiam
634 1794 787 1854 monetarii

103 1872 135 1930 in
158 1872 240 1932 Urbe
265 1871 487 1942 rebellaverunt,
509 1873 615 1931 vitiatis
636 1875 786 1951 pecuniis,

103 1961 132 2011 &
151 1952 329 2012 Felicissimo
348 1951 494 2014 Rationali
516 1950 663 2013 interfecto
684 1978 691 2011 ε
714 1974 787 2034 quos

103 2034 272 2098 Aurelianus
288 2036 379 2095 vibios
400 2029 501 2092 ultimi
518 2031 678 2094 crudelitate
698 2054 784 2095 com·

102 2113 212 2193 pescuit
233 2139 240 2172 r
264 2116 399 2195 plurimos
417 2114 527 2174 nobiles
548 2115 638 2195 capite
657 2114 783 2177 damna-

103 2197 146 2256 vit
168 2221 176 2254 ι
200 2195 286 2257 saevus
310 2206 339 2257 &
359 2193 577 2278 sanguinarius,
601 2215 634 2255 ac
655 2195 781 2258 necelsa-

102 2279 159 2336 rius
181 2279 275 2361 magis
295 2279 328 2341 in
350 2274 541 2358 quibusdam,
563 2274 649 2357 qulam
671 2278 702 2337 in
723 2280 784 2339 ullo
839 2330 844 2341 Ι

101 2358 236 2439 amabilis
254 2360 410 2438 Imperator
427 2381 436 2437 J
459 2376 519 2416 trux
535 2359 618 2417 omni
634 2377 787 2439 tempore3

102 2442 191 2499 etiam
211 2437 263 2499 filii
285 2437 386 2499 sororis
413 2437 601 2498 interfector:
629 2437 786 2519 disciplinae

100 2540 200 2582 tamen
226 2521 378 2592 militaris,
399 2528 426 2579 &
452 2540 566 2578 morum
589 2514 793 2583 dillolutorum

99 2624 148 2662 ma
171 2600 210 2661 nai
229 2623 264 2661 ex
284 2621 361 2682 parte
380 2603 526 2662 corretion
678 2658 682 2665 ,
787 2670 792 2683 .

172 2685 213 2746 V.
230 2684 341 2745 Urbem
359 2678 485 2741 Romam
504 2680 591 2740 muris
613 2676 784 2743 firmioribus

98 2766 189 2827 cinxit
211 2791 219 2827 z
244 2765 383 2847 templum
401 2762 464 2825 Soli
486 2759 661 2903 aedificarpEit,'
676 2765 705 2823 in
725 2785 784 2846 quo

646 2866 665 2906 v
