2056 3628
194 232 200 239 '
310 222 497 302 Linea
532 231 632 301 III.
767 255 809 322 43

121 366 155 407 ut
168 348 367 409 renunciarent
378 349 538 410 Hannibali
551 395 562 422 ,
587 347 740 432 quae-apud
752 350 816 410 Ro-

123 449 229 489 manos
247 427 388 491 vidiffent.

164 507 303 570 XXIII.
325 511 435 571 Interea
466 512 591 591 praelium
623 511 660 571 ab
694 529 813 593 utroque

123 588 196 650 duce
219 588 385 652 instructum
406 589 445 651 est
458 637 470 661 ,
495 594 578 672 quale
601 594 648 651 vix
668 589 725 652 ulli
747 614 812 652 me-

123 667 219 730 morial
245 671 331 744 fuit,
362 671 425 732 crim
453 674 614 751 peritissimi
640 674 694 732 viri
718 677 814 753 copias

124 749 188 834 suas
219 751 255 814 ad
283 753 390 814 bellum
419 751 575 814 educerent.
602 753 698 834 Scipio
723 756 814 815 vilior

56 870 59 873 -
123 831 256 906 recedit,
279 836 350 915 pene
367 833 429 915 ipso
447 833 610 895 Hannibale
630 853 713 915 capto
735 859 742 893 ι
762 839 812 917 qui

124 912 251 995 primum
266 937 331 974 cum
346 917 441 977 multis
454 916 594 997 equitibus
608 960 618 987 ,
632 915 733 976 deinde
747 937 812 978 cum

124 995 251 1078 viginti,
271 994 412 1077 postremb
430 1018 496 1057 cum
514 1018 635 1079 quatuor
648 998 746 1058 evasit.
764 996 813 1058 In·

126 1096 212 1136 venta
231 1079 262 1136 in
283 1075 376 1139 castris
392 1078 564 1140 Hannibalis
583 1081 694 1162 argenti
714 1078 812 1158 pondo

125 1158 232 1297 viffiinti
246 1160 361 1230 millia,
378 1162 440 1219 auri
457 1162 624 1255 oliingenta
634 1204 644 1230 ,
656 1178 754 1220 eaetera
772 1156 816 1219 su·
834 1178 837 1183 ’

124 1258 161 1320 pe
184 1239 275 1299 eclilis
301 1239 426 1320 copiosa.
453 1238 520 1300 Post
540 1241 571 1302 rrl
594 1259 736 1300 certamen
757 1260 813 1319 pax

127 1340 194 1379 cum
224 1319 509 1403 Carthaginiensibus
534 1320 610 1382 fasta
639 1319 686 1381 est.
717 1320 813 1401 Scipio
845 1381 851 1393 ,

125 1398 257 1461 Romam
281 1402 383 1475 rediit,
406 1411 434 1463 &
458 1404 568 1486 ingenti
592 1401 683 1487 gloria
708 1404 812 1463 trium-

127 1477 253 1562 phavit,
278 1503 362 1565 arque
388 1481 538 1545 Africanus
561 1505 595 1543 ex
620 1503 655 1543 eo
679 1483 814 1565 appellari

128 1580 236 1643 ooeptus
259 1561 307 1624 est.
327 1564 427 1625 Finem
446 1567 555 1645 accepit
575 1562 728 1624 secundum
750 1564 811 1624 Pu-

128 1644 227 1735 nicrun
246 1643 374 1717 bellum,
395 1643 456 1726 post
472 1666 578 1707 annum
597 1644 748 1727 septimum
767 1644 815 1705 de·

129 1744 263 1797 cunum,
282 1748 369 1808 quam
390 1747 519 1809 coeperar.

129 1853 810 1931 o———ssaeffl-eaessa

177 1983 382 2051 riona
439 1956 765 2069 Quaeres

329 2172 550 2235 CAPUT
591 2174 614 2235 1.

130 2264 404 2383 Tiresiam
425 2318 533 2378 Punico
555 2318 660 2390 bello,
689 2316 815 2378 securum

131 2397 171 2458 est
184 2392 405 2463 Maceflcum
421 2419 518 2460 contra
531 2398 695 2481 Philippum
707 2419 813 2481 regem.

173 2480 216 2540 II.
246 2481 484 2564 Quingentesimo
518 2490 545 2541 &
576 2484 815 2619 quinqpagesImo

131 2562 225 2642 primo
248 2583 324 2622 anno
342 2563 378 2621 ab
396 2563 477 2624 Urbe
497 2559 636 2632 conditi,
687 2606 694 2621 .
713 2558 812 2638 Quin-

132 2644 186 2701 tius
211 2643 387 2703 Flamininus
410 2640 556 2703 adversum
579 2639 741 2722 Philippum
764 2658 812 2700 re-'

130 2743 198 2866 pem
216 2726 361 2784 mittitur:
378 2723 506 2806 prospere
523 2744 581 2782 tem
601 2724 685 2807 gessit
700 2746 705 2779 :
719 2744 771 2802 pax
787 2724 813 2783 el

151 2824 199 2867 ata
219 2803 259 2864 est
278 2803 324 2868 hIs
341 2805 450 2890 legibus
467 2827 475 2864 r
491 2806 537 2866 Ne
557 2805 667 2867 Graeciae
685 2805 815 2869 civitati-
