1972 3624
238 208 623 305 Brarrnrtrura.
708 170 775 299 35,

93 325 166 387 sunt.
197 326 295 389 Habet
324 327 455 408 Illyricas
483 327 590 407 septem
622 336 649 388 dc
679 327 777 390 decem

95 411 280 489 provincias:
304 410 476 469 Noricorum
502 410 594 482 duas,
616 410 780 470 Pannonio-

95 511 159 549 rum
179 489 272 559 duas,
295 490 466 560 Valeriam,
488 491 629 560 Saviam,
652 492 777 552 Dalma-

97 574 191 640 tiam,
211 571 368 641 Moesiam,
395 571 552 632 Daciarum
576 572 669 642 duas3
690 574 728 632 Et
749 576 780 634 in

98 651 213 712 dioecesi
227 652 405 711 Macedoniae
419 649 483 711 sunt
497 650 602 731 septem
618 677 625 710 ε
639 653 781 714 Macedo-

98 735 147 793 nia
159 776 169 805 ,
183 729 326 792 Thessalia
339 779 350 802 ,
365 730 498 805 Achaia,
514 735 595 814 Epiri
610 734 694 806 duae,
713 737 782 796 Prae·

31 871 33 875 .
99 815 170 876 valis
192 823 219 873 δι
238 812 334 875 Creta.

140 894 200 955 IX.
223 895 257 955 In
283 895 418 956 Thracias
437 896 621 956 Macedonici
637 897 705 956 belli
731 920 782 957 oc-
847 942 850 946 ψ

100 979 213 1038 cesione
226 974 412 1037 transcursum
427 974 474 1036 est.
488 978 638 1038 Savissimi
651 982 781 1040 omnium

100 1060 230 1142 gentium
249 1055 376 1118 Thraces
394 1057 513 1118 suerunt.
531 1059 565 1118 In
583 1057 713 1119 Thraciae
737 1082 783 1119 re-

100 1140 234 1222 gionibus
253 1141 340 1199 etiam
355 1137 495 1200 Scordisci
508 1137 672 1199 habitlarunt
685 1186 696 1208 ,
710 1145 784 1220 pari-

102 1239 144 1280 ter
154 1219 278 1280 crudeles
290 1229 317 1281 dr
329 1220 432 1281 callidi.
443 1221 538 1280 Multa
549 1219 583 1280 de
596 1218 701 1280 saevitih
732 1243 784 1280 rae-

102 1300 245 1362 didiorum
255 1301 384 1362 fabulosa
400 1321 614 1373 memorantur,
649 1242 783 1362 ubdhos·

70 1418 73 1421 ·
96 1384 150 1467 tiis
168 1384 342 1462 captivorum
360 1383 424 1444 Diis
443 1381 498 1443 suis
515 1324 669 1465 aliquandi)
687 1383 784 1443 litave-

102 1466 160 1524 rint
170 1509 179 1535 ,
190 1483 273 1545 atque
287 1463 453 1548 sanguinem
465 1462 621 1525 humanum
632 1468 662 1524 in
674 1466 784 1525 ossibus

103 1547 228 1626 capitum
250 1565 346 1625 potare
369 1548 424 1605 sint
450 1543 535 1606 soliti.
559 1546 637 1626 Saepe
664 1566 711 1626 per
737 1567 785 1606 eos

104 1627 253 1688 Romanus
278 1626 317 1686 est
339 1628 422 1689 caesus
443 1630 584 1689 exercitus.
610 1628 656 1686 M.
684 1626 786 1688 Didius

24 1747 28 1750 <
104 1728 240 1791 vagantes
252 1704 378 1768 Thracas
393 1711 540 1788 repressit3
554 1709 601 1768 M.
620 1705 727 1767 Drusus
741 1711 788 1768 in·

107 1808 149 1848 tra
167 1787 236 1849 lines
254 1792 380 1869 proprios
396 1792 558 1848 continuit:
578 1789 623 1847 M.
642 1788 787 1849 Minucius

106 1871 137 1930 in
151 1870 242 1930 Hebri
258 1872 384 1930 fluminis
400 1871 491 1952 glacie
512 1867 639 1929 vastavit.
659 1870 711 1928 Per
729 1870 788 1949 Ap

100 1978 103 1983 ’
127 1953 187 2012 ium
211 1951 367 2012 Claudium
396 1949 622 2031 proconsulem,
653 1947 710 2021 hi,
739 1953 789 2031 qui

106 1972 273 2113 lihodopen·
286 2031 469 2102 incolebant,
490 2034 559 2092 viui
575 2029 647 2091 sunt.
667 2031 789 2111 Europa:

108 2116 266 2175 maritimas
281 2115 361 2173 urbes
382 2111 463 2173 antei
476 2134 608 2191 pomaria
628 2113 722 2172 classis
738 2112 791 2170 ob·

110 2197 204 2255 tinuit.
222 2195 267 2254 M.
282 2195 415 2257 Lucullus
428 2216 475 2274 per
487 2192 626 2254 Thracias
649 2214 713 2252 cum
726 2191 792 2254 Bes-

110 2279 148 2336 sis
170 2279 277 2356 primus
292 2276 427 2336 conflixit.
446 2274 539 2355 Ipsam
560 2294 642 2354 caput
683 2275 790 2335 entium

112 2355 269 2417 Thraciam
283 2359 351 2416 vicit
369 2380 376 2414 ε
395 2355 642 2416 Haemimontanos
662 2296 790 2437 subegit:

109 2439 353 2518 Eumolpiadem,
375 2459 436 2518 quat
448 2458 521 2497 nunc
531 2435 736 2576 Plrihppopplis
750 2436 792 2495 di·

110 2522 209 2588 citur5
233 2517 453 2589 Uscudamam,
478 2541 538 2600 quae
560 2514 649 2577 modi)
701 2517 792 2577 adria-

111 2602 226 2673 nopolis
250 2604 436 2670 nominatur3
458 2603 488 2659 in
507 2600 645 2660 ditionem
665 2596 792 2658 nostram

112 2682 250 2763 redegit:
281 2682 412 2760 Calyben
443 2684 524 2761 cepit.
553 2682 641 2759 Supra
667 2680 791 2738 Pontum

111 2765 219 2844 positas
242 2766 367 2823 civitates
387 2765 556 2843 occupavit,
579 2762 763 2842 Apolloniam
780 2806 791 2836 ,
