1982 3614
146 286 150 289 v
219 224 287 276 nn
317 209 654 277 currimns.
707 218 777 292 249·

88 326 120 387 in
139 324 237 387 labem
254 328 397 408 publicam
417 347 467 421 per
486 328 693 405 conjurationes
711 346 779 420 pro-

89 408 261 479 cederetur,
281 408 317 468 ad
342 428 412 490 quas
435 409 510 482 vitio
527 425 687 487 temporum
710 428 780 466 anr-

89 511 158 549 mos
185 488 361 572 intelligebat
389 512 396 545 t
421 509 512 547 neue
541 507 596 571 ego
625 488 719 546 abnuo
744 508 778 546 ea

89 569 294 640 deliciorum,
319 590 381 650 quae
406 589 439 652 gt
479 573 518 628 ari
542 567 697 629 immodice
724 589 781 627 coe«

89 652 209 730 perint,
228 650 289 730 plus
307 651 377 731 pene
399 647 486 730 quim
511 648 604 710 severe
624 649 779 709 excidenda

89 728 157 791 effe.
180 731 261 790 Felix
281 752 313 789 ac
338 730 482 812 prudens,
507 733 591 790 armis
614 733 748 811 ptaecipue
763 776 775 800 ,

90 811 169 871 adeb
186 857 198 881 ,
219 832 251 871 ut
269 812 347 871 nullo
366 808 511 895 congressu
528 813 583 871 nisi
604 813 696 871 vidior
713 811 776 872 dis-

92 889 234 963 cesserit,
257 895 418 973 auxeritque
449 892 634 972 Imperium,
662 890 778 953 subado

91 973 245 1033 Persarum
259 992 324 1055 rege
337 976 453 1033 nomine
468 974 595 1055 Abgaro.
610 973 711 1054 Neque
726 977 780 1034 mi·

92 1075 148 1113 nus
175 1055 286 1114 Arabas
304 1099 316 1123 ,
345 1054 429 1114 simul
456 1053 570 1113 adortus
599 1072 630 1113 ut
655 1055 721 1126 est,
746 1058 777 1115 in

94 1135 238 1194 ditionem
255 1134 387 1218 redegit,
405 1137 554 1213 provinciae
571 1134 669 1193 modo.
688 1136 779 1195 Adia·

94 1216 171 1275 bena
188 1236 301 1296 quoque
311 1261 323 1284 ,
340 1219 370 1275 ni
388 1234 521 1274 terrarum
539 1217 642 1274 macies
658 1215 777 1295 despec-

95 1314 220 1365 tutetur,
235 1298 264 1355 in
277 1297 440 1355 tributarios
453 1291 635 1356 concessisset.
653 1296 703 1355 Ob
718 1295 780 1356 haec

95 1395 175 1436 tanta
194 1377 369 1448 Arabicum,
387 1375 594 1435 Adiabenicum
611 1375 782 1440 &Parthici

97 1477 293 1539 cognomento
309 1458 405 1516 Patres
416 1456 518 1516 dixdre.
534 1456 588 1518 His
602 1462 712 1536 majora
725 1481 781 1543 ag-

97 1535 200 1620 gressus
212 1583 221 1608 ‚
232 1538 428 1609 Britanniam,
442 1558 504 1618 quae
517 1536 553 1597 ad
564 1558 597 1597 ea
607 1539 682 1598 utilis
695 1559 755 1599 erat
765 1556 785 1611 ,¹

96 1619 184 1698 pulsis
202 1615 349 1689 hostibus,
370 1639 454 1678 muro
469 1620 609 1690 munivit,
623 1640 672 1700 per
690 1620 781 1680 trans-

95 1698 206 1760 versam
223 1697 344 1759 insulam
359 1698 463 1770 dubio,
477 1704 620 1781 utrimque
638 1701 674 1760 ad
692 1699 781 1763 finem

96 1779 218 1841 Oceani.
238 1780 422 1858 Quinetiam
441 1779 576 1859 Tripoli,
597 1786 676 1859 ‘cujus
697 1783 783 1862 Lepti
810 1777 815 1785 ’

96 1861 204 1941 oppido
217 1862 378 1933 oriebatur,
394 1858 533 1920 bellicosae
547 1879 644 1939 gentes
657 1861 780 1922 submo-

97 1960 131 2001 tae
144 1943 251 2022 procul.
267 1943 340 2018 Quo
353 1942 430 2002 fastu
444 1940 531 2000 ardua
545 1940 656 2000 facilius
675 1940 710 2000 eb
729 1963 783 2021 pa-

97 2023 244 2083 trabannir
260 2068 272 2091 ,
294 2043 352 2103 quo
373 2021 561 2102 implacabilis
582 2020 689 2081 delidiis
706 2021 783 2081 stre-

97 2124 187 2163 nuum
206 2124 346 2185 quemque
366 2104 489 2184 praemiis
508 2101 668 2162 extollebat.
682 2104 780 2164 Deni-

98 2205 153 2265 que
174 2205 209 2244 ne
230 2205 315 2264 parva
335 2185 484 2243 latrocinia
505 2183 621 2263 quidem
641 2187 783 2265 impunita

98 2267 276 2344 patiebatur,
292 2268 323 2324 in
342 2262 405 2325 suos
425 2265 647 2324 animadvertens
668 2270 779 2348 magis,

97 2344 178 2427 quid
191 2349 264 2406 vitio
282 2345 408 2414 ducum,
430 2365 479 2405 aut
500 2349 585 2405 etiam
604 2366 653 2426 per
672 2345 780 2406 [εᾶἰο-

97 2448 165 2487 nem
185 2425 248 2486 fieri
266 2430 309 2486 vir
331 2429 471 2507 experiens
489 2427 666 2508 intelligeret
685 2425 783 2486 Philo-

97 2506 227 2589 sophiae,
245 2507 443 2577 declamandi,
462 2508 569 2567 cunciis
591 2504 732 2585 postremb
749 2508 783 2568 li·

98 2589 237 2649 beralium
257 2588 367 2649 deditus
390 2586 507 2659 studiis3
526 2586 659 2668 idemque
682 2588 731 2648 abs
752 2587 782 2648 se

98 2688 172 2729 texta
203 2689 305 2730 ornatu
335 2679 364 2730 δε
389 2667 444 2729 fide
474 2669 588 2750 paribus
613 2667 780 2749 composuit.

98 2750 210 2833 Legum
231 2752 361 2813 conditor
381 2750 469 2833 longi
491 2750 682 2891 aequabilliunt.
703 2750 781 2811 Huic

640 2851 659 2893 ν
