<?xml version="1.0" encoding="UTF-8"?>
<!DOCTYPE html PUBLIC "-//W3C//DTD XHTML 1.0 Transitional//EN"
    "http://www.w3.org/TR/xhtml1/DTD/xhtml1-transitional.dtd">
<html xmlns="http://www.w3.org/1999/xhtml" xml:lang="en" lang="en">
 <head>
  <title>
</title>
<meta http-equiv="Content-Type" content="text/html;charset=utf-8" />
  <meta name='ocr-system' content='tesseract 3.04.00' />
  <meta name='ocr-capabilities' content='ocr_page ocr_carea ocr_par ocr_line ocrx_word'/>
</head>
<body>
  <div class='ocr_page' id='page_1' title='image "./eutropiisextaur01victgoog_0218.png"; bbox 0 0 1982 3614; ppageno 0'>
   <div class='ocr_carea' id='block_1_1' title="bbox 103 235 767 333">
    <p class='ocr_par' dir='ltr' id='par_1_1' title="bbox 103 235 767 333">
     <span class='ocr_line' id='line_1_1' title="bbox 103 235 767 333; baseline 0.008 -31"><span class='ocrx_word' id='word_1_1' title='bbox 103 328 107 333; x_wconf 20' lang='grc' dir='ltr'>Ι</span> <span class='ocrx_word' id='word_1_2' title='bbox 131 328 134 333; x_wconf 21' lang='lat'><strong>¹</strong></span> <span class='ocrx_word' id='word_1_3' title='bbox 168 246 226 331; x_wconf 71' lang='lat' dir='ltr'>na</span> <span class='ocrx_word' id='word_1_4' title='bbox 246 235 365 304; x_wconf 81' lang='lat' dir='ltr'>Vrnrs</span> <span class='ocrx_word' id='word_1_5' title='bbox 386 250 673 307; x_wconf 75' lang='lat' dir='ltr'>rrrusrmnus.</span> <span class='ocrx_word' id='word_1_6' title='bbox 702 252 767 328; x_wconf 77' lang='lat'>205</span> 
     </span>
    </p>
   </div>
   <div class='ocr_carea' id='block_1_2' title="bbox 7 353 808 2858">
    <p class='ocr_par' dir='ltr' id='par_1_2' title="bbox 7 353 808 2858">
     <span class='ocr_line' id='line_1_2' title="bbox 86 353 769 439; baseline 0.003 -23"><span class='ocrx_word' id='word_1_7' title='bbox 86 358 137 438; x_wconf 88' lang='lat' dir='ltr'>qui</span> <span class='ocrx_word' id='word_1_8' title='bbox 156 353 320 436; x_wconf 73' lang='lat' dir='ltr'>promissam</span> <span class='ocrx_word' id='word_1_9' title='bbox 342 357 483 415; x_wconf 83' lang='lat' dir='ltr'>civitatem</span> <span class='ocrx_word' id='word_1_10' title='bbox 507 359 698 439; x_wconf 82' lang='lat' dir='ltr'>flagitabant,</span> <span class='ocrx_word' id='word_1_11' title='bbox 722 379 769 417; x_wconf 89' lang='lat' dir='ltr'>re-</span> 
     </span>
     <span class='ocr_line' id='line_1_3' title="bbox 87 437 769 519; baseline 0.004 -23"><span class='ocrx_word' id='word_1_12' title='bbox 87 439 172 519; x_wconf 75' lang='lat' dir='ltr'>pentd</span> <span class='ocrx_word' id='word_1_13' title='bbox 192 440 222 496; x_wconf 89' lang='lat' dir='ltr'>in</span> <span class='ocrx_word' id='word_1_14' title='bbox 235 437 349 517; x_wconf 90' lang='lat' dir='ltr'>publico</span> <span class='ocrx_word' id='word_1_15' title='bbox 368 437 512 507; x_wconf 85' lang='lat' dir='ltr'>concidit,</span> <span class='ocrx_word' id='word_1_16' title='bbox 528 441 585 497; x_wconf 87' lang='lat' dir='ltr'>sive</span> <span class='ocrx_word' id='word_1_17' title='bbox 599 441 701 498; x_wconf 92' lang='lat' dir='ltr'>morbo</span> <span class='ocrx_word' id='word_1_18' title='bbox 716 462 769 498; x_wconf 90' lang='lat' dir='ltr'>co-</span> 
     </span>
     <span class='ocr_line' id='line_1_4' title="bbox 7 513 773 603; baseline 0.003 -25"><span class='ocrx_word' id='word_1_19' title='bbox 7 592 10 598; x_wconf 90' lang='lat'><em>.</em></span> <span class='ocrx_word' id='word_1_20' title='bbox 87 518 219 586; x_wconf 65' lang='lat' dir='ltr'>mituli,</span> <span class='ocrx_word' id='word_1_21' title='bbox 242 514 290 575; x_wconf 91' lang='lat' dir='ltr'>seu</span> <span class='ocrx_word' id='word_1_22' title='bbox 314 513 411 576; x_wconf 85' lang='lat' dir='ltr'>hausto</span> <span class='ocrx_word' id='word_1_23' title='bbox 435 520 549 598; x_wconf 90' lang='lat' dir='ltr'>caprino</span> <span class='ocrx_word' id='word_1_24' title='bbox 570 518 704 603; x_wconf 77' lang='lat' dir='ltr'>sanguine</span> <span class='ocrx_word' id='word_1_25' title='bbox 727 519 773 579; x_wconf 88' lang='lat' dir='ltr'>se·</span> 
     </span>
     <span class='ocr_line' id='line_1_5' title="bbox 88 596 771 680; baseline 0.006 -23"><span class='ocrx_word' id='word_1_26' title='bbox 88 601 238 658; x_wconf 86' lang='lat' dir='ltr'>mianimis</span> <span class='ocrx_word' id='word_1_27' title='bbox 251 598 369 656; x_wconf 88' lang='lat' dir='ltr'>domum</span> <span class='ocrx_word' id='word_1_28' title='bbox 382 596 489 657; x_wconf 88' lang='lat' dir='ltr'>relatus.</span> <span class='ocrx_word' id='word_1_29' title='bbox 501 600 581 659; x_wconf 91' lang='lat' dir='ltr'>Vota</span> <span class='ocrx_word' id='word_1_30' title='bbox 595 621 644 678; x_wconf 92' lang='lat' dir='ltr'>pro</span> <span class='ocrx_word' id='word_1_31' title='bbox 657 602 708 661; x_wconf 92' lang='lat' dir='ltr'>illo</span> <span class='ocrx_word' id='word_1_32' title='bbox 723 623 771 680; x_wconf 89' lang='lat' dir='ltr'>per</span> 
     </span>
     <span class='ocr_line' id='line_1_6' title="bbox 86 676 771 759; baseline 0.003 -20"><span class='ocrx_word' id='word_1_33' title='bbox 86 679 205 739; x_wconf 84' lang='lat' dir='ltr'>Italiam</span> <span class='ocrx_word' id='word_1_34' title='bbox 222 678 334 759; x_wconf 68' lang='lat' dir='ltr'>publici</span> <span class='ocrx_word' id='word_1_35' title='bbox 353 676 476 758; x_wconf 82' lang='lat' dir='ltr'>suscepta</span> <span class='ocrx_word' id='word_1_36' title='bbox 494 677 565 739; x_wconf 92' lang='lat' dir='ltr'>sunt.</span> <span class='ocrx_word' id='word_1_37' title='bbox 580 681 618 740; x_wconf 86' lang='lat' dir='ltr'>Et</span> <span class='ocrx_word' id='word_1_38' title='bbox 636 680 699 741; x_wconf 84' lang='lat' dir='ltr'>crim</span> <span class='ocrx_word' id='word_1_39' title='bbox 712 683 771 741; x_wconf 83' lang='lat' dir='ltr'>La-</span> 
     </span>
     <span class='ocr_line' id='line_1_7' title="bbox 86 757 771 822; baseline 0.003 -2"><span class='ocrx_word' id='word_1_40' title='bbox 86 762 144 820; x_wconf 90' lang='lat' dir='ltr'>tini</span> <span class='ocrx_word' id='word_1_41' title='bbox 165 757 325 820; x_wconf 88' lang='lat' dir='ltr'><strong>Consulem</strong></span> <span class='ocrx_word' id='word_1_42' title='bbox 343 760 372 817; x_wconf 89' lang='lat' dir='ltr'>in</span> <span class='ocrx_word' id='word_1_43' title='bbox 391 759 505 818; x_wconf 88' lang='lat' dir='ltr'>Albano</span> <span class='ocrx_word' id='word_1_44' title='bbox 524 778 620 819; x_wconf 88' lang='lat' dir='ltr'>monte</span> <span class='ocrx_word' id='word_1_45' title='bbox 638 761 771 822; x_wconf 87' lang='lat' dir='ltr'>intersec-</span> 
     </span>
     <span class='ocr_line' id='line_1_8' title="bbox 87 836 769 919; baseline 0.003 -19"><span class='ocrx_word' id='word_1_46' title='bbox 87 843 146 900; x_wconf 84' lang='lat' dir='ltr'>turi</span> <span class='ocrx_word' id='word_1_47' title='bbox 162 837 271 909; x_wconf 83' lang='lat' dir='ltr'>ellent,</span> <span class='ocrx_word' id='word_1_48' title='bbox 289 836 449 919; x_wconf 85' lang='lat' dir='ltr'>Philippum</span> <span class='ocrx_word' id='word_1_49' title='bbox 468 840 616 900; x_wconf 82' lang='lat' dir='ltr'>admonuit</span> <span class='ocrx_word' id='word_1_50' title='bbox 634 863 664 902; x_wconf 83' lang='lat' dir='ltr'>ur</span> <span class='ocrx_word' id='word_1_51' title='bbox 684 865 769 903; x_wconf 85' lang='lat' dir='ltr'>cave-</span> 
     </span>
     <span class='ocr_line' id='line_1_9' title="bbox 89 920 772 992; baseline 0.004 -12"><span class='ocrx_word' id='word_1_52' title='bbox 89 941 157 990; x_wconf 86' lang='lat' dir='ltr'>ret,</span> <span class='ocrx_word' id='word_1_53' title='bbox 179 920 255 980; x_wconf 89' lang='lat' dir='ltr'>unde</span> <span class='ocrx_word' id='word_1_54' title='bbox 273 923 302 979; x_wconf 88' lang='lat' dir='ltr'>in</span> <span class='ocrx_word' id='word_1_55' title='bbox 322 920 426 979; x_wconf 83' lang='lat' dir='ltr'>Senatu</span> <span class='ocrx_word' id='word_1_56' title='bbox 448 920 612 992; x_wconf 83' lang='lat' dir='ltr'>accusatus,</span> <span class='ocrx_word' id='word_1_57' title='bbox 636 924 699 983; x_wconf 81' lang='lat' dir='ltr'>crim</span> <span class='ocrx_word' id='word_1_58' title='bbox 722 923 772 984; x_wconf 89' lang='lat' dir='ltr'>do-</span> 
     </span>
     <span class='ocr_line' id='line_1_10' title="bbox 90 999 772 1081; baseline 0.006 -20"><span class='ocrx_word' id='word_1_59' title='bbox 90 1024 171 1061; x_wconf 91' lang='lat' dir='ltr'>mum</span> <span class='ocrx_word' id='word_1_60' title='bbox 197 999 225 1059; x_wconf 91' lang='lat' dir='ltr'>se</span> <span class='ocrx_word' id='word_1_61' title='bbox 246 1003 402 1081; x_wconf 89' lang='lat' dir='ltr'>reciperet,</span> <span class='ocrx_word' id='word_1_62' title='bbox 421 1000 544 1061; x_wconf 85' lang='lat' dir='ltr'>immisso</span> <span class='ocrx_word' id='word_1_63' title='bbox 566 1007 636 1062; x_wconf 91' lang='lat' dir='ltr'>inter</span> <span class='ocrx_word' id='word_1_64' title='bbox 658 1006 772 1065; x_wconf 89' lang='lat' dir='ltr'>turbam</span> 
     </span>
     <span class='ocr_line' id='line_1_11' title="bbox 111 1079 773 1166; baseline 0.006 -26"><span class='ocrx_word' id='word_1_65' title='bbox 111 1079 249 1142; x_wconf 82' lang='lat' dir='ltr'>erculsore</span> <span class='ocrx_word' id='word_1_66' title='bbox 272 1128 283 1151; x_wconf 88' lang='lat'><em>,</em></span> <span class='ocrx_word' id='word_1_67' title='bbox 308 1084 422 1141; x_wconf 89' lang='lat' dir='ltr'>corruit.</span> <span class='ocrx_word' id='word_1_68' title='bbox 448 1082 558 1142; x_wconf 87' lang='lat' dir='ltr'>Invidia</span> <span class='ocrx_word' id='word_1_69' title='bbox 590 1082 671 1144; x_wconf 81' lang='lat' dir='ltr'>c&#39;aedis</span> <span class='ocrx_word' id='word_1_70' title='bbox 699 1086 773 1166; x_wconf 88' lang='lat' dir='ltr'>apud</span> 
     </span>
     <span class='ocr_line' id='line_1_12' title="bbox 89 1105 587 1243; baseline -0.002 -22"><span class='ocrx_word' id='word_1_71' title='bbox 89 1105 278 1243; x_wconf 78' lang='lat' dir='ltr'>i&#39;hilippum,</span> <span class='ocrx_word' id='word_1_72' title='bbox 296 1171 323 1222; x_wconf 74' lang='grc' dir='ltr'>δι</span> <span class='ocrx_word' id='word_1_73' title='bbox 342 1162 507 1241; x_wconf 82' lang='lat' dir='ltr'>Caepionem</span> <span class='ocrx_word' id='word_1_74' title='bbox 525 1163 587 1222; x_wconf 88' lang='lat' dir='ltr'>fuit.</span> 
     </span>
     <span class='ocr_line' id='line_1_13' title="bbox 62 1240 771 1323; baseline 0.001 -20"><span class='ocrx_word' id='word_1_75' title='bbox 62 1265 66 1277; x_wconf 75' lang='lat'><strong><em>¹</em></strong></span> <span class='ocrx_word' id='word_1_76' title='bbox 132 1244 275 1304; x_wconf 88' lang='lat' dir='ltr'>LXVII.</span> <span class='ocrx_word' id='word_1_77' title='bbox 299 1243 387 1303; x_wconf 88' lang='lat' dir='ltr'>Caius</span> <span class='ocrx_word' id='word_1_78' title='bbox 400 1244 510 1302; x_wconf 85' lang='lat' dir='ltr'>Marius</span> <span class='ocrx_word' id='word_1_79' title='bbox 526 1242 624 1323; x_wconf 87' lang='lat' dir='ltr'>septies</span> <span class='ocrx_word' id='word_1_80' title='bbox 638 1240 771 1319; x_wconf 89' lang='lat' dir='ltr'>Consul,</span> 
     </span>
     <span class='ocr_line' id='line_1_14' title="bbox 91 1318 808 1404; baseline 0.004 -20"><span class='ocrx_word' id='word_1_81' title='bbox 91 1325 241 1404; x_wconf 82' lang='lat' dir='ltr'>Arpinas,</span> <span class='ocrx_word' id='word_1_82' title='bbox 260 1322 361 1383; x_wconf 89' lang='lat' dir='ltr'>humili</span> <span class='ocrx_word' id='word_1_83' title='bbox 380 1318 445 1382; x_wconf 89' lang='lat' dir='ltr'>loco</span> <span class='ocrx_word' id='word_1_84' title='bbox 467 1343 569 1395; x_wconf 83' lang='lat' dir='ltr'>natus,</span> <span class='ocrx_word' id='word_1_85' title='bbox 592 1327 689 1403; x_wconf 91' lang='lat' dir='ltr'>primis</span> <span class='ocrx_word' id='word_1_86' title='bbox 713 1323 771 1384; x_wconf 90' lang='lat' dir='ltr'>ho·</span> <span class='ocrx_word' id='word_1_87' title='bbox 805 1384 808 1387; x_wconf 78' lang='grc'>,</span> 
     </span>
     <span class='ocr_line' id='line_1_15' title="bbox 92 1402 774 1487; baseline 0.001 -23"><span class='ocrx_word' id='word_1_88' title='bbox 92 1407 210 1465; x_wconf 81' lang='lat' dir='ltr'>notibus</span> <span class='ocrx_word' id='word_1_89' title='bbox 226 1425 274 1483; x_wconf 89' lang='lat' dir='ltr'>per</span> <span class='ocrx_word' id='word_1_90' title='bbox 289 1404 419 1463; x_wconf 84' lang='lat' dir='ltr'>ordinem</span> <span class='ocrx_word' id='word_1_91' title='bbox 430 1402 569 1473; x_wconf 64' lang='lat' dir='ltr'>fundus,</span> <span class='ocrx_word' id='word_1_92' title='bbox 587 1404 693 1487; x_wconf 80' lang='lat' dir='ltr'>legatus</span> <span class='ocrx_word' id='word_1_93' title='bbox 706 1406 774 1465; x_wconf 86' lang='lat' dir='ltr'>Me-</span> 
     </span>
     <span class='ocr_line' id='line_1_16' title="bbox 92 1483 773 1554; baseline 0.003 -10"><span class='ocrx_word' id='word_1_94' title='bbox 92 1487 161 1545; x_wconf 85' lang='lat' dir='ltr'>tello</span> <span class='ocrx_word' id='word_1_95' title='bbox 183 1487 212 1545; x_wconf 90' lang='lat' dir='ltr'>in</span> <span class='ocrx_word' id='word_1_96' title='bbox 233 1483 393 1554; x_wconf 67' lang='lat' dir='ltr'>Numidici,</span> <span class='ocrx_word' id='word_1_97' title='bbox 414 1484 589 1544; x_wconf 82' lang='lat' dir='ltr'>criminando</span> <span class='ocrx_word' id='word_1_98' title='bbox 608 1507 672 1545; x_wconf 90' lang='lat' dir='ltr'>eum</span> <span class='ocrx_word' id='word_1_99' title='bbox 692 1486 773 1547; x_wconf 89' lang='lat' dir='ltr'>Con-</span> 
     </span>
     <span class='ocr_line' id='line_1_17' title="bbox 93 1563 773 1648; baseline 0.003 -22"><span class='ocrx_word' id='word_1_100' title='bbox 93 1565 215 1626; x_wconf 87' lang='lat' dir='ltr'>sulatum</span> <span class='ocrx_word' id='word_1_101' title='bbox 232 1566 368 1646; x_wconf 87' lang='lat' dir='ltr'>adeptus,</span> <span class='ocrx_word' id='word_1_102' title='bbox 388 1563 557 1648; x_wconf 79' lang='lat' dir='ltr'>Iugurtham</span> <span class='ocrx_word' id='word_1_103' title='bbox 576 1587 688 1646; x_wconf 90' lang='lat' dir='ltr'>captum</span> <span class='ocrx_word' id='word_1_104' title='bbox 707 1588 773 1628; x_wconf 86' lang='lat' dir='ltr'>ante</span> 
     </span>
     <span class='ocr_line' id='line_1_18' title="bbox 56 1647 771 1728; baseline 0.001 -21"><span class='ocrx_word' id='word_1_105' title='bbox 56 1685 62 1696; x_wconf 91' lang='lat'><strong>·</strong></span> <span class='ocrx_word' id='word_1_106' title='bbox 92 1669 206 1709; x_wconf 90' lang='lat' dir='ltr'>currum</span> <span class='ocrx_word' id='word_1_107' title='bbox 221 1649 290 1728; x_wconf 73' lang='lat' dir='ltr'>egit,</span> <span class='ocrx_word' id='word_1_108' title='bbox 311 1647 344 1706; x_wconf 89' lang='lat' dir='ltr'>In</span> <span class='ocrx_word' id='word_1_109' title='bbox 361 1650 520 1724; x_wconf 84' lang='lat' dir='ltr'>proximum</span> <span class='ocrx_word' id='word_1_110' title='bbox 541 1669 645 1707; x_wconf 92' lang='lat' dir='ltr'>annum</span> <span class='ocrx_word' id='word_1_111' title='bbox 661 1648 771 1710; x_wconf 89' lang='lat' dir='ltr'>Consul</span> 
     </span>
     <span class='ocr_line' id='line_1_19' title="bbox 92 1726 774 1810; baseline 0.003 -22"><span class='ocrx_word' id='word_1_112' title='bbox 92 1727 166 1788; x_wconf 74' lang='lat' dir='ltr'>ultrb</span> <span class='ocrx_word' id='word_1_113' title='bbox 193 1728 316 1796; x_wconf 72' lang='lat' dir='ltr'>factus,</span> <span class='ocrx_word' id='word_1_114' title='bbox 350 1726 487 1787; x_wconf 87' lang='lat' dir='ltr'>Cimbros</span> <span class='ocrx_word' id='word_1_115' title='bbox 514 1730 543 1786; x_wconf 90' lang='lat' dir='ltr'>in</span> <span class='ocrx_word' id='word_1_116' title='bbox 570 1727 666 1788; x_wconf 68' lang='lat' dir='ltr'>Gallia</span> <span class='ocrx_word' id='word_1_117' title='bbox 700 1730 774 1810; x_wconf 85' lang='lat' dir='ltr'>apud</span> 
     </span>
     <span class='ocr_line' id='line_1_20' title="bbox 92 1806 773 1890; baseline 0 -21"><span class='ocrx_word' id='word_1_118' title='bbox 92 1812 192 1890; x_wconf 89' lang='lat' dir='ltr'>Aquas</span> <span class='ocrx_word' id='word_1_119' title='bbox 218 1809 345 1880; x_wconf 86' lang='lat' dir='ltr'>Sextias,</span> <span class='ocrx_word' id='word_1_120' title='bbox 375 1807 521 1867; x_wconf 85' lang='lat' dir='ltr'>Teutonas</span> <span class='ocrx_word' id='word_1_121' title='bbox 551 1811 580 1866; x_wconf 90' lang='lat' dir='ltr'>in</span> <span class='ocrx_word' id='word_1_122' title='bbox 606 1806 716 1879; x_wconf 58' lang='lat' dir='ltr'>Italis,</span> <span class='ocrx_word' id='word_1_123' title='bbox 742 1812 773 1870; x_wconf 88' lang='lat' dir='ltr'>in</span> 
     </span>
     <span class='ocr_line' id='line_1_21' title="bbox 93 1885 773 1971; baseline -0.004 -21"><span class='ocrx_word' id='word_1_124' title='bbox 93 1912 196 1971; x_wconf 84' lang='lat' dir='ltr'>campo</span> <span class='ocrx_word' id='word_1_125' title='bbox 220 1889 333 1948; x_wconf 88' lang='lat' dir='ltr'>Raudio</span> <span class='ocrx_word' id='word_1_126' title='bbox 357 1891 451 1959; x_wconf 90' lang='lat' dir='ltr'>vicit,</span> <span class='ocrx_word' id='word_1_127' title='bbox 478 1887 568 1968; x_wconf 87' lang='lat' dir='ltr'>deque</span> <span class='ocrx_word' id='word_1_128' title='bbox 594 1885 638 1946; x_wconf 91' lang='lat' dir='ltr'>his</span> <span class='ocrx_word' id='word_1_129' title='bbox 668 1890 773 1948; x_wconf 90' lang='lat' dir='ltr'>trium-</span> 
     </span>
     <span class='ocr_line' id='line_1_22' title="bbox 91 1966 774 2051; baseline 0 -23"><span class='ocrx_word' id='word_1_130' title='bbox 91 1970 200 2051; x_wconf 92' lang='lat' dir='ltr'>phavit.</span> <span class='ocrx_word' id='word_1_131' title='bbox 218 1969 317 2051; x_wconf 87' lang='lat' dir='ltr'>Usque</span> <span class='ocrx_word' id='word_1_132' title='bbox 334 1967 441 2028; x_wconf 86' lang='lat' dir='ltr'>sextum</span> <span class='ocrx_word' id='word_1_133' title='bbox 459 1966 646 2028; x_wconf 78' lang='lat' dir='ltr'>Consulatum</span> <span class='ocrx_word' id='word_1_134' title='bbox 664 1989 712 2049; x_wconf 93' lang='lat' dir='ltr'>per</span> <span class='ocrx_word' id='word_1_135' title='bbox 729 1989 774 2028; x_wconf 88' lang='lat' dir='ltr'>or-</span> 
     </span>
     <span class='ocr_line' id='line_1_23' title="bbox 92 2048 772 2130; baseline -0.001 -18"><span class='ocrx_word' id='word_1_136' title='bbox 92 2052 189 2112; x_wconf 84' lang='lat' dir='ltr'>dinem</span> <span class='ocrx_word' id='word_1_137' title='bbox 204 2050 292 2110; x_wconf 64' lang='lat' dir='ltr'>fassus</span> <span class='ocrx_word' id='word_1_138' title='bbox 304 2096 313 2122; x_wconf 91' lang='lat'>,</span> <span class='ocrx_word' id='word_1_139' title='bbox 327 2051 479 2130; x_wconf 81' lang='lat' dir='ltr'>Apuleium</span> <span class='ocrx_word' id='word_1_140' title='bbox 492 2049 673 2108; x_wconf 85' lang='lat' dir='ltr'>Saturninum</span> <span class='ocrx_word' id='word_1_141' title='bbox 688 2048 772 2112; x_wconf 86' lang='lat' dir='ltr'>Trib.</span> 
     </span>
     <span class='ocr_line' id='line_1_24' title="bbox 28 2128 773 2215; baseline 0 -23"><span class='ocrx_word' id='word_1_142' title='bbox 28 2186 36 2203; x_wconf 85' lang='grc'><em>,</em></span> <span class='ocrx_word' id='word_1_143' title='bbox 89 2135 204 2215; x_wconf 87' lang='lat' dir='ltr'>plebis,</span> <span class='ocrx_word' id='word_1_144' title='bbox 227 2141 253 2191; x_wconf 89' lang='lat'>&amp;</span> <span class='ocrx_word' id='word_1_145' title='bbox 270 2130 420 2191; x_wconf 88' lang='lat' dir='ltr'>Glauciam</span> <span class='ocrx_word' id='word_1_146' title='bbox 437 2131 589 2189; x_wconf 78' lang='lat' dir='ltr'>Praetorem</span> <span class='ocrx_word' id='word_1_147' title='bbox 606 2128 773 2205; x_wconf 87' lang='lat' dir='ltr'>seditiosos,</span> 
     </span>
     <span class='ocr_line' id='line_1_25' title="bbox 91 2210 773 2274; baseline -0.001 -2"><span class='ocrx_word' id='word_1_148' title='bbox 91 2236 124 2273; x_wconf 83' lang='lat' dir='ltr'>ex</span> <span class='ocrx_word' id='word_1_149' title='bbox 141 2210 400 2274; x_wconf 75' lang='lat' dir='ltr'>Senarusconsulto</span> <span class='ocrx_word' id='word_1_150' title='bbox 414 2214 563 2270; x_wconf 89' lang='lat' dir='ltr'>interemit.</span> <span class='ocrx_word' id='word_1_151' title='bbox 577 2210 615 2270; x_wconf 81' lang='lat' dir='ltr'>Et</span> <span class='ocrx_word' id='word_1_152' title='bbox 629 2211 693 2271; x_wconf 80' lang='lat' dir='ltr'>cum</span> <span class='ocrx_word' id='word_1_153' title='bbox 707 2213 773 2272; x_wconf 90' lang='lat' dir='ltr'>Sul-</span> 
     </span>
     <span class='ocr_line' id='line_1_26' title="bbox 90 2292 772 2376; baseline -0.004 -22"><span class='ocrx_word' id='word_1_154' title='bbox 90 2294 165 2376; x_wconf 61' lang='lat' dir='ltr'>picii</span> <span class='ocrx_word' id='word_1_155' title='bbox 182 2316 215 2358; x_wconf 88' lang='lat' dir='ltr'>ro</span> <span class='ocrx_word' id='word_1_156' title='bbox 237 2297 330 2353; x_wconf 86' lang='lat' dir='ltr'>atione</span> <span class='ocrx_word' id='word_1_157' title='bbox 345 2295 519 2372; x_wconf 88' lang='lat' dir='ltr'>provinciam</span> <span class='ocrx_word' id='word_1_158' title='bbox 533 2292 615 2351; x_wconf 84' lang='lat' dir='ltr'>Sullae</span> <span class='ocrx_word' id='word_1_159' title='bbox 634 2296 772 2373; x_wconf 88' lang='lat' dir='ltr'>eriperet,</span> 
     </span>
     <span class='ocr_line' id='line_1_27' title="bbox 91 2315 773 2452; baseline -0.004 -17"><span class='ocrx_word' id='word_1_160' title='bbox 91 2379 180 2436; x_wconf 85' lang='lat' dir='ltr'>armis</span> <span class='ocrx_word' id='word_1_161' title='bbox 199 2315 236 2434; x_wconf 58' lang='grc' dir='ltr'>αἱ</span> <span class='ocrx_word' id='word_1_162' title='bbox 253 2396 288 2433; x_wconf 89' lang='lat' dir='ltr'>eo</span> <span class='ocrx_word' id='word_1_163' title='bbox 306 2377 420 2444; x_wconf 74' lang='lat' dir='ltr'>ricius,</span> <span class='ocrx_word' id='word_1_164' title='bbox 445 2373 599 2432; x_wconf 91' lang='lat' dir='ltr'>Minturnis</span> <span class='ocrx_word' id='word_1_165' title='bbox 621 2374 651 2431; x_wconf 87' lang='lat' dir='ltr'>in</span> <span class='ocrx_word' id='word_1_166' title='bbox 673 2374 773 2452; x_wconf 87' lang='lat' dir='ltr'>palude</span> 
     </span>
     <span class='ocr_line' id='line_1_28' title="bbox 92 2456 772 2532; baseline -0.007 -15"><span class='ocrx_word' id='word_1_167' title='bbox 92 2457 184 2517; x_wconf 81' lang='lat' dir='ltr'>latuit.</span> <span class='ocrx_word' id='word_1_168' title='bbox 198 2456 352 2527; x_wconf 87' lang='lat' dir='ltr'>Inventus,</span> <span class='ocrx_word' id='word_1_169' title='bbox 367 2465 393 2515; x_wconf 89' lang='lat'>&amp;</span> <span class='ocrx_word' id='word_1_170' title='bbox 414 2457 444 2513; x_wconf 93' lang='lat' dir='ltr'>in</span> <span class='ocrx_word' id='word_1_171' title='bbox 458 2473 598 2512; x_wconf 88' lang='lat' dir='ltr'>carcerem</span> <span class='ocrx_word' id='word_1_172' title='bbox 612 2457 772 2532; x_wconf 72' lang='lat' dir='ltr'>conjeslus,</span> 
     </span>
     <span class='ocr_line' id='line_1_29' title="bbox 92 2532 774 2616; baseline -0.007 -20"><span class='ocrx_word' id='word_1_173' title='bbox 92 2533 248 2597; x_wconf 86' lang='lat' dir='ltr'>immissum</span> <span class='ocrx_word' id='word_1_174' title='bbox 265 2533 447 2616; x_wconf 75' lang='lat' dir='ltr'>percussorem</span> <span class='ocrx_word' id='word_1_175' title='bbox 465 2533 582 2594; x_wconf 89' lang='lat' dir='ltr'>Gallum</span> <span class='ocrx_word' id='word_1_176' title='bbox 600 2532 691 2592; x_wconf 83' lang='lat' dir='ltr'>vultirs</span> <span class='ocrx_word' id='word_1_177' title='bbox 707 2556 774 2592; x_wconf 88' lang='lat' dir='ltr'>auc-</span> 
     </span>
     <span class='ocr_line' id='line_1_30' title="bbox 92 2611 773 2694; baseline -0.004 -17"><span class='ocrx_word' id='word_1_178' title='bbox 92 2622 207 2677; x_wconf 87' lang='lat' dir='ltr'>toritare</span> <span class='ocrx_word' id='word_1_179' title='bbox 228 2617 361 2677; x_wconf 85' lang='lat' dir='ltr'>deterruit</span> <span class='ocrx_word' id='word_1_180' title='bbox 377 2640 387 2688; x_wconf 87' lang='lat'>3</span> <span class='ocrx_word' id='word_1_181' title='bbox 407 2611 574 2694; x_wconf 62' lang='lat' dir='ltr'>acceptasque</span> <span class='ocrx_word' id='word_1_182' title='bbox 593 2612 722 2673; x_wconf 59' lang='lat' dir='ltr'>naviculas</span> <span class='ocrx_word' id='word_1_183' title='bbox 742 2616 773 2674; x_wconf 92' lang='lat' dir='ltr'>in</span> 
     </span>
     <span class='ocr_line' id='line_1_31' title="bbox 92 2690 773 2777; baseline -0.006 -18"><span class='ocrx_word' id='word_1_184' title='bbox 92 2698 222 2759; x_wconf 86' lang='lat' dir='ltr'>Africam</span> <span class='ocrx_word' id='word_1_185' title='bbox 246 2701 354 2777; x_wconf 80' lang='lat' dir='ltr'>trajecit</span> <span class='ocrx_word' id='word_1_186' title='bbox 376 2721 383 2754; x_wconf 89' lang='lat'>:</span> <span class='ocrx_word' id='word_1_187' title='bbox 402 2698 444 2755; x_wconf 91' lang='lat' dir='ltr'>ibi</span> <span class='ocrx_word' id='word_1_188' title='bbox 465 2695 512 2754; x_wconf 90' lang='lat' dir='ltr'>diu</span> <span class='ocrx_word' id='word_1_189' title='bbox 537 2690 679 2755; x_wconf 77' lang='lat' dir='ltr'>exsulavit.</span> <span class='ocrx_word' id='word_1_190' title='bbox 699 2695 773 2755; x_wconf 80' lang='lat' dir='ltr'>Mox</span> 
     </span>
     <span class='ocr_line' id='line_1_32' title="bbox 92 2778 774 2858; baseline -0.009 -17"><span class='ocrx_word' id='word_1_191' title='bbox 92 2778 228 2841; x_wconf 71' lang='lat' dir='ltr'>Cinnansr</span> <span class='ocrx_word' id='word_1_192' title='bbox 255 2778 449 2840; x_wconf 89' lang='lat' dir='ltr'>dominatione</span> <span class='ocrx_word' id='word_1_193' title='bbox 480 2792 630 2837; x_wconf 83' lang='lat' dir='ltr'>revocatus</span> <span class='ocrx_word' id='word_1_194' title='bbox 650 2792 663 2847; x_wconf 77' lang='grc'>,’</span> <span class='ocrx_word' id='word_1_195' title='bbox 686 2778 774 2858; x_wconf 82' lang='lat' dir='ltr'>ruptis</span> 
     </span>
    </p>
   </div>
   <div class='ocr_carea' id='block_1_3' title="bbox 0 0 1004 3614">
    <p class='ocr_par' dir='ltr' id='par_1_3' title="bbox 0 0 1004 3614">
     <span class='ocr_line' id='line_1_33' title="bbox 0 0 1004 3614; baseline 0 0"><span class='ocrx_word' id='word_1_196' title='bbox 0 0 1004 3614; x_wconf 95' lang='lat' dir='ltr'> </span> 
     </span>
    </p>
   </div>
  </div>
 </body>
</html>
