1972 3624
203 281 268 346 332
325 255 756 327 AumVrcronrs

198 372 295 456 aspera
313 376 430 455 jubebat
452 399 459 434 t
483 376 562 457 quod
590 373 654 434 edm
682 379 786 459 pigeret
812 374 868 434 fac·

199 477 283 528 tum,
300 453 427 528 differri,
443 478 504 537 quae
523 453 708 536 praecepiilet,
725 459 754 516 in
769 473 869 535 tempus

200 536 327 598 sobrium
346 559 378 598 ac
399 536 569 596 matutinum
593 535 697 598 statuit.
724 536 871 597 Alexander

201 617 256 677 suit
273 617 367 757 Phppx
392 618 521 698 origine,
539 620 657 700 ingenio
677 617 810 688 timiduS,
831 620 872 675 in-

201 698 319 759 seriora
340 696 432 757 verstis
446 698 577 759 laborem
596 699 669 758 vitio
688 696 801 758 senesiae
815 715 873 756 teta-

201 780 245 837 tis.

241 855 321 916 XLI.
345 858 399 917 His
419 860 552 917 omnibus
571 857 745 937 absumptis,
767 857 873 937 Imperii

199 941 260 1016 jura
280 959 363 1017 penes
385 936 606 1000 Constantinum
625 948 652 999 &
672 940 812 998 Licinium
833 937 874 997 de·

203 1039 312 1078 venere.

242 1097 444 1159 Constantinus
468 1097 631 1162 Constantii
653 1100 876 1179 Imperatoris&

202 1177 318 1239 Helenae
345 1177 443 1248 filius,
474 1183 622 1259 imperavit
650 1182 732 1240 annis
758 1183 874 1265 triginta.

202 1257 261 1318 Hie
288 1260 356 1319 dum
386 1262 546 1335 juvenculus
573 1259 590 1319 *a
613 1261 732 1321 Galerio
758 1263 788 1320 in
814 1261 876 1320 urbe

202 1338 298 1399 Ro'ml
323 1341 474 1422 religionis*
491 1339 581 1421 specie
609 1340 691 1401 obses
715 1361 875 1410 teneretur,
968 1412 969 1419 p

174 1446 177 1449 ·
202 1418 303 1501 fugam
321 1423 474 1501 arripiens,
498 1441 580 1502 atque
594 1421 634 1482 ad
656 1421 827 1481 frustrandos
840 1424 878 1480 in-

203 1498 369 1580 sequentes,
388 1503 498 1579 publica
524 1508 672 1577 jumenta,
698 1501 813 1584 quiqui
832 1504 879 1560 iter

203 1600 316 1660 egerat,
333 1581 492 1652 interfecit,
509 1591 535 1642 δι
552 1582 589 1641 ad
602 1602 708 1661 patrem
727 1587 757 1642 in
773 1584 880 1642 Britan·
968 1576 969 1615 3

202 1662 282 1721 niam
308 1656 460 1740 pervenit3
486 1671 513 1722 δι
543 1662 616 1722 sorte
644 1661 754 1722 hisdem
785 1664 878 1722 diebus
968 1712 969 1715 ,

203 1741 312 1813 ibidem
330 1740 528 1803 Constantium
546 1763 688 1823 parentem
706 1742 766 1803 fata
786 1746 880 1804 ultima

203 1823 399 1906 perurgebant.
427 1823 495 1900 Quo
525 1842 665 1895 mortuo,
696 1827 804 1884 constit
835 1825 880 1905 qui

204 1903 320 1963 aderant
340 1905 548 1976 annitentibus,
570 1904 618 1965 sed
637 1906 771 2005 praecipue
791 1905 881 1964 Eroco

205 1984 430 2057 Alamannorum
442 2005 523 2067 rege,
534 1986 632 2045 auxilii
645 1987 736 2067 gratia
747 1983 883 2046 Constan-

206 2065 278 2121 tium
304 2067 461 2134 comitato,
487 2067 634 2145 imperium
660 2068 744 2143 capit.
763 2066 822 2125 Hie
839 2063 881 2124 so-

206 2162 298 2201 rorem
320 2141 399 2203 suam
421 2143 618 2205 Constantiam
643 2146 756 2203 Licinio
774 2146 884 2205 Medio-

182 2223 303 2282 lanum
328 2227 419 2284 accito
444 2229 614 2307 conjungit3
637 2223 784 2324 filiumtpue
806 2224 883 2286 suurn

206 2302 341 2383 Crispum
369 2306 511 2376 nomine,
542 2326 575 2364 ex
595 2305 759 2365 Minervina
783 2327 884 2366 contu·

206 2383 276 2461 bini
294 2382 470 2464 susceptum,
485 2385 553 2446 item
572 2384 793 2446 Constantinum
806 2432 816 2457 ,
829 2384 885 2445 his-

207 2464 273 2525 dem
292 2465 389 2525 diebus
404 2485 502 2525 natum
521 2465 627 2545 oppido
644 2465 819 2539 Arelatensi,
837 2467 887 2528 Li-

207 2546 377 2627 uianumque
401 2545 505 2605 Licinii
529 2545 643 2616 filium,
666 2549 806 2606 mensium
831 2546 886 2606 sere

208 2627 331 2706 viginti,
350 2623 474 2687 Caesares
491 2623 592 2687 effecit.
613 2624 721 2686 Venim
741 2624 886 2688 enimvero
922 2674 924 2681 .

209 2724 239 2762 ut
252 2706 372 2782 Imperia
385 2706 498 2766 difficile
509 2707 690 2767 concordiam
700 2706 886 2779 constituunt,

171 2780 175 2784 ”
209 2783 358 2848 discidium
384 2788 456 2849 inter
479 2788 626 2863 Licinium
653 2785 889 2850 Constantinum·
