1972 3624
241 306 591 359 nntroun
684 313 749 378 3m

77 408 187 487 pissime
204 411 234 469 in
251 407 457 489 amphitheatro
474 409 657 468 dimicaverit.
676 406 753 467 Huic

76 488 185 549 Marcia
215 493 322 572 generis
348 490 502 560 libertini,
538 488 631 547 formd
657 506 754 548 tamen

77 569 264 651 meretriisque
281 572 384 629 artibus
398 571 524 647 pollens,
546 570 609 629 cum
626 572 753 628 animum

78 655 132 730 ejus
149 651 257 729 penittls
274 647 458 720 devinxisset,
486 648 590 733 egress'o
612 648 627 706 ὲ
650 649 754 711 balneo

78 734 183 821 veneni·
192 732 325 811 poculum
346 731 458 791 obtulit.
479 731 526 789 Ad
546 749 700 790 extremum
718 731 755 789 ab

78 811 197 870 immillo
223 812 399 870 validissimo
422 809 570 892 palestrita
590 812 756 890 compressis

78 888 202 952 faucibus
226 894 385 972 expiravit,
415 913 490 951 anno
521 894 585 951 vitae
613 892 755 950 tricesimo

78 968 205 1032 secundo.

115 1052 226 1113 XVIII.
248 1053 366 1112 Helvius
383 1054 513 1113 Pertinax
531 1053 681 1132 Imperavit
696 1051 755 1112 dies

79 1135 140 1192 osto
161 1136 221 1193 inta
237 1136 307 1214 quin
328 1155 371 1193 ue.
389 1133 442 1193 Iste
458 1137 570 1194 condius
586 1131 755 1215 repugnans-

79 1233 130 1292 que
142 1155 296 1294 impetium
308 1156 464 1293 luscipIens
476 1261 490 1289 ,ι
505 1214 560 1273 tale
579 1233 755 1293 cognomen-

79 1311 135 1352 tum
159 1294 272 1354 sortitus
295 1293 342 1354 est.
369 1295 491 1377 Origine
512 1314 587 1353 ottus
615 1291 755 1365 sordida,

79 1373 268 1453 prefeeturam
278 1376 368 1436 Urbis
386 1396 492 1458 agens,
514 1373 670 1454 imperator
686 1370 756 1433 effe-

80 1456 159 1528 dus,
181 1456 283 1516 scelere
300 1456 405 1515 Juliani
422 1456 517 1533 multis
529 1454 688 1515 vulneribus
702 1455 756 1513 ob-

81 1550 215 1598 truncatus
230 1534 290 1606 est,
305 1557 393 1596 annos
405 1555 485 1596 natus
496 1534 600 1614 septem
615 1554 698 1615 atque
712 1532 757 1594 se-

80 1618 200 1697 xaginta.
230 1616 427 1696 Hujuscaput
448 1615 508 1676 cord
524 1616 605 1676 Urbe
629 1617 754 1674 circum-

82 1700 188 1756 vectum
201 1694 251 1756 est.
268 1697 333 1755 Hoc
347 1699 421 1756 exitu
434 1698 507 1756 obiit
520 1697 563 1757 vit
576 1696 612 1754 ad
627 1693 756 1756 humanae

83 1777 297 1837 conversationis
309 1778 467 1856 exemplum
479 1797 527 1856 pet
538 1777 642 1836 laboris
653 1797 756 1858 genera

83 1858 204 1918 universa
223 1858 260 1917 ad
279 1856 402 1919 summos
422 1861 591 1937 provectus,
616 1855 702 1937 usque
721 1855 756 1916 ed

83 1955 111 1995 ut
128 1939 257 1999 Fortuna
278 1957 422 1997 vocaretur
439 1939 504 2017 pila.
526 1937 603 1996 Nam
625 1939 757 1996 libertino

81 2022 188 2154 penitus
208 2038 287 2098 patre
304 2018 378 2098 apud
398 2019 516 2100 Ligures
534 2019 563 2077 in
582 2038 651 2099 agro
674 2015 759 2097 squa-

95 2097 139 2156 ido
157 2101 245 2159 Lollii
264 2098 422 2169 Gentiani,
446 2104 523 2177 cujus
547 2099 575 2158 in
597 2096 759 2179 ptaefedlurd

84 2198 192 2260 quoque
212 2180 343 2238 clientem
363 2177 392 2237 se
410 2175 462 2237 elle
479 2178 664 2238 libentissime
685 2174 759 2238 fatess

84 2256 190 2330 batur,
227 2258 281 2318 fuit
311 2259 411 2319 dodor
439 2259 622 2328 litterarum,
655 2279 715 2339 quae
742 2257 759 2319 *a

84 2336 284 2400 Grammaticis
317 2339 469 2399 traduntur.
512 2338 633 2397 Blandus
668 2342 760 2420 magis

85 2417 166 2496 qu‘am
184 2417 347 2491 beneficus,
361 2418 434 2479 unde
455 2440 519 2479 eum
538 2418 640 2479 Gtaeco
658 2421 758 2478 nomi-

85 2518 117 2556 ne
133 2499 325 2581 χρηςολόγον
344 2499 525 2580 appellavere.
541 2499 697 2578 Nunquam
714 2500 761 2559 in-

84 2578 152 2654 juritl
164 2578 281 2659 accepti
293 2579 329 2639 ad
343 2579 533 2639 ulciscendum
547 2579 654 2638 duetus.
671 2580 760 2640 Ama-

85 2657 132 2719 bat
148 2661 356 2741 simplicitatem
371 2684 381 2731 3
406 2680 586 2719 communem
603 2657 630 2717 se
652 2655 759 2732 affatu,

86 2743 242 2809 convivio,
264 2737 366 2799 inceIIu
385 2741 533 2819 ptaebebat.
551 2739 628 2799 Huic
646 2758 760 2800 mortuo

85 2817 153 2880 Divi
172 2840 277 2880 nomen
295 2820 436 2882 decretum
459 2820 497 2880 est
508 2844 518 2894 3
542 2820 581 2879 ob
604 2825 680 2898 cujus
699 2822 761 2881 Iau-

559 2900 588 2961 0
608 2903 639 2980 nj
