2010 3616
271 264 335 348 148
412 256 531 330 Aua.
562 259 825 331 Vrcroars

266 401 353 463 quam
374 399 516 459 coeperat,
537 399 605 437 nam
621 375 683 458 post
697 401 787 439 annos
804 378 934 449 totidem,

268 480 338 543 quot
356 461 439 521 foetus
459 461 534 520 illius
554 456 608 520 suis
629 455 736 529 effent,
755 460 895 540 Trojanos
911 464 939 520 in

265 544 329 602 loca
342 541 444 602 fertilia
462 561 547 621 atque
560 541 720 600 uberiorem
734 562 836 623 agrum
856 536 928 600 trans
931 570 934 574 ¹

264 707 295 764 in
326 704 394 764 talii
410 702 581 771 conditurus,

265 625 457 763 mipraturos‚
478 631 506 682 &
526 622 625 681 urbem
648 622 800 687 clarissimi
824 624 937 683 nominis
989 652 990 707 3

304 785 406 885 ΧΙΙΙ.ἱ
421 786 512 880 Igitur
531 785 665 845 Latinum
684 761 877 868 Aboriginum
894 805 935 843 re·

265 888 354 950 gem,
375 886 439 927 cum
458 887 486 925 er
502 869 666 927 nunciatum
685 861 772 934 effer,
793 866 937 927 multitudi-
989 882 990 911 t

264 969 332 1008 nem
352 947 546 1017 advenarum,
568 943 648 1005 claffo
669 945 839 1019 advectam,
855 969 935 1006 occu-

263 1026 366 1111 pavisse
380 1050 480 1112 agrum
494 1030 685 1099 Laurentem,
704 1026 853 1089 adversum
870 1028 938 1088 subi·
989 1052 990 1103 p

264 1131 308 1173 tos
325 1107 541 1190 inopinatosque
560 1107 652 1168 hostes
671 1112 864 1171 incunctanter
882 1107 937 1169 suas
989 1120 990 1137 ³

263 1195 361 1273 copias
377 1187 516 1261 eduxisse3
532 1213 563 1250 ac
573 1193 664 1271 prius,
678 1187 765 1270 quam
779 1193 890 1250 sionum
902 1189 937 1248 di·
989 1190 990 1253 ἶ

263 1273 389 1337 nicandi
419 1271 526 1341 daret,
552 1268 776 1331 animadvertisse
803 1239 938 1349 *trojanos
989 1310 990 1325 2

262 1354 424 1415 militariter
441 1351 609 1423 instructos,
631 1349 695 1410 crim
709 1350 751 1411 sui
764 1352 900 1432 lapidibus
909 1371 938 1410 ac
989 1390 990 1419 ;

260 1431 378 1493 sudibus
391 1437 496 1493 armati
506 1479 516 1505 ,
527 1453 588 1493 tum
601 1435 687 1493 etiam
701 1430 775 1493 veste
794 1454 842 1492 aut
859 1433 936 1513 pessi-

262 1515 337 1583 bus,
357 1536 419 1595 quae
440 1517 478 1574 eis
494 1517 689 1597 integumento
709 1533 788 1586 erant
801 1559 813 1583 ‚
830 1512 938 1574 sinistris

262 1596 394 1655 manibus
415 1596 578 1664 involutis,
605 1591 824 1675 processissent:
849 1598 938 1676 itaque
989 1616 990 1635 ¹

261 1673 395 1756 suspenso
409 1680 580 1747 certamine,
597 1695 647 1755 per
659 1675 835 1757 colloquium
854 1678 939 1757 mqui-

262 1760 342 1829 sito,
364 1761 414 1897 spui
433 1754 540 1828 effent,
561 1756 664 1838 quidve
684 1775 830 1837 peterent,
847 1777 939 1836 utpote
989 1760 990 1823 i

260 1842 313 1921 qui
325 1842 354 1900 in
388 1861 424 1915 oc
440 1839 590 1899 consilium
607 1841 773 1898 auctoritate
783 1838 939 1907 Numinum

988 1526 990 1611 i

988 1670 990 1755 i

261 1921 437 2004 cogebatur,
457 1939 580 2002 namque
596 1921 665 1978 extis
684 1940 717 1978 ac
735 1916 854 1979 somniis
874 1917 939 1999 saepe
989 1926 990 1953 ¹

259 2000 422 2061 admonitus
452 2019 541 2073 etat,
570 2003 703 2059 tutiorem
737 1997 766 2058 se
797 1998 940 2060 adversim

259 2078 354 2140 hostes
376 2080 465 2153 fore,
486 2084 510 2140 si
536 2084 630 2161 copias
653 2079 715 2157 suas
739 2101 805 2140 cunr
813 2080 940 2141 advenis

258 2160 451 2241 conjtrnxiffet.
470 2160 604 2244 Cumque
622 2158 796 2244 cognoviffet
809 2161 941 2222 AEnaeam

258 2251 287 2303 &
304 2240 450 2303 Anchisen
467 2243 544 2317 bello
566 2240 656 2322 patrii.
673 2239 792 2322 pulsos,
813 2264 881 2303 cum
902 2245 940 2304 si·

257 2325 389 2384 mulacris
406 2325 537 2384 Deorum
567 2342 689 2384 errantes
713 2321 809 2383 sedem
834 2344 940 2405 quaere·

256 2427 307 2478 re,
322 2408 477 2466 amicitiam
493 2404 598 2464 foedere
617 2401 717 2473 iniffo',
737 2403 804 2464 dato
817 2407 939 2465 invicem

256 2485 438 2569 jurejurando
450 2532 461 2557 ,
479 2506 509 2545 ut
521 2506 687 2545 communes
699 2506 814 2566 quoque
828 2483 942 2555 hostes,

255 2565 399 2630 amicosve
415 2566 560 2628 haberent.
580 2567 680 2647 Itaque
698 2586 823 2645 coeptum
842 2565 944 2626 {Tro

256 2653 329 2728 janis
348 2651 454 2710 muniri
469 2648 590 2717 locum,
607 2668 693 2728 quem
704 2646 815 2707 AEneas
832 2669 866 2708 ex
885 2671 941 2708 no-

258 2733 335 2792 mine
355 2733 450 2789 uxoris
469 2727 543 2800 sua,
558 2730 654 2788 Latini
672 2727 759 2869 Refiis
779 2727 866 2799 filiae,
884 2750 943 2810 quae

257 2814 317 2891 jam
336 2828 400 2871 ante
414 2807 581 2892 desponsata
595 2808 696 2872 Turno
740 2809 865 2871 trdonio
877 2810 942 2871 fue-
