1982 3614
203 287 270 339 nr
298 273 638 343 CAEsARJBUS.
691 293 785 359 259·

72 387 172 471 risque
194 389 245 450 illb
270 410 457 470 pervenerant.
479 389 547 468 Qui
569 388 652 450 causi
669 389 761 450 Decio

72 470 166 551 quim
189 474 281 549 potuit
305 472 470 532 maturrime
495 469 590 531 Romi
615 468 760 555 digrelio,

73 553 169 612 Julius
190 552 300 612 Valens
323 556 532 633 cupientissimo
554 551 764 650 vulgollmpe-

74 634 154 692 rium
168 634 254 712 capit.
269 632 377 692 Venim
392 637 502 714 utrique
517 655 584 692 mox
599 652 660 693 caesr
671 679 683 702 ,
698 655 762 693 cum

74 712 209 773 Priscum
223 715 356 774 nobilitas
372 713 480 774 bostem
499 716 594 793 patrie
608 711 760 773 censuisset.

74 793 165 855 Decii
183 792 322 855 Barbaros
340 815 414 855 trans
435 795 601 856 Danubium
614 794 767 873 perseihn·

75 894 117 935 tes
151 874 233 941 Bruti
259 874 356 936 fraude
384 876 536 947 recidite,
562 874 658 934 exarto
684 879 765 960 regni

76 956 210 1015 biennio.
233 955 288 1016 Sed
313 958 469 1017 Deciorum
495 974 617 1016 mortem
642 957 765 1038 plerique

77 1034 220 1096 illustrem
244 1035 335 1097 lerunt
355 1061 361 1096 :
382 1060 504 1119 namque
524 1035 615 1097 filium
635 1037 766 1098 audaciris

79 1117 317 1201 congredientem
338 1116 462 1179 cecidisse
487 1123 518 1178 in
540 1120 598 1178 acie
623 1140 632 1186 3
658 1137 766 1198 patrem

79 1218 179 1258 autem
190 1245 203 1269 ,
222 1197 286 1259 crim
311 1201 431 1280 perculsi
444 1201 546 1259 milites
566 1198 603 1257 ad
617 1197 766 1259 solandum

78 1279 291 1359 Imperatorem
317 1282 406 1341 multa
432 1280 637 1360 praeferentur,
659 1277 767 1338 strenui

80 1357 206 1431 dixiffe,
225 1361 433 1421 Detrimentum
450 1363 531 1420 unius
550 1361 647 1421 militis
667 1381 766 1440 parum

80 1441 176 1501 videri
194 1442 273 1513 sibi3
293 1444 332 1502 ita
352 1440 456 1502 tefeiio
471 1442 547 1500 bello
567 1439 630 1500 crim
645 1441 768 1525 impigrb

82 1521 266 1591 decertaret,
285 1520 416 1583 interiisse
434 1524 497 1603 pari
519 1522 617 1582 modo.

124 1602 225 1663 XXX.
238 1603 308 1663 Haec
322 1605 371 1663 ubi
380 1605 474 1664 Partes
486 1603 664 1684 comperire,
679 1601 768 1664 Gallo

83 1682 306 1765 Hostilianoque
325 1683 450 1768 Augusta
467 1685 613 1766 Imperia,
631 1684 768 1744 Volusia-

83 1785 156 1825 num
186 1765 275 1826 Gallo
302 1766 408 1827 editum
435 1765 578 1827 Caesarem
607 1765 766 1825 decernunt.

83 1844 165 1907 Dein
186 1843 341 1925 pestilentia
361 1849 471 1917 oritur,
494 1846 549 1927 qui
571 1843 690 1905 atrocitis
712 1842 766 1903 sae·

84 1929 198 1998 mente,
213 1926 387 1989 Hostilianus
398 1928 522 1997 interiit,
534 1926 621 1987 Gallo
632 1925 769 1984 Volusia-
789 1979 802 1997 ,

85 2029 184 2090 noque
196 2007 277 2068 favor
287 2012 416 2089 quesitus
429 2054 438 2081 ,
454 2006 532 2090 quod
543 2006 625 2067 anxie
636 2005 771 2065 studiose·

85 2110 143 2172 que
159 2091 316 2149 tenuissimi
329 2087 460 2172 cujusque
475 2087 619 2170 exsequias
633 2104 767 2148 curarent.

128 2170 257 2232 XXXI.
279 2171 368 2253 igitur
389 2169 432 2231 his
453 2171 554 2230 Romae
569 2169 768 2239 motantibus,

86 2251 228 2311 AEmilius
245 2251 420 2312 AEmilianus
442 2250 583 2312 summam
604 2248 769 2331 potestatem

88 2335 225 2413 corruptis
245 2333 383 2393 militibus
401 2334 523 2412 arripuit.
544 2332 590 2392 Ad
610 2352 695 2413 quem
716 2350 769 2387 ex-

88 2413 276 2496 pugnandum
298 2414 440 2493 profesti,
464 2414 630 2473 Interamnae
654 2412 690 2471 ab
715 2408 771 2470 luis

90 2495 257 2565 caeduntur,
282 2492 299 2553 s
314 2515 329 2552 e
350 2495 455 2574 praemii
477 2495 590 2573 majoris
609 2492 644 2551 ab
666 2490 769 2551 AEmi-

90 2575 156 2647 lio,
181 2577 226 2634 cui
244 2515 323 2635 nullo
344 2576 439 2637 labore
456 2573 505 2634 seu
521 2574 688 2635 detrimento
706 2573 771 2631 vic·

90 2659 164 2716 toria
190 2656 393 2727 obveniebat
421 2655 506 2717 simul
529 2656 596 2737 quia
624 2652 773 2715 immodici

110 2757 140 2795 er
162 2737 260 2796 luxum
280 2736 504 2819 lasciviamque,
529 2736 621 2796 officia
639 2736 771 2801 ¹beneuo-

90 2757 186 2881 ientiae
201 2838 388 2900 corruperant.
402 2820 457 2884 His
469 2817 535 2881 sane
549 2819 680 2881 omnibus
692 2818 774 2880 biett-
