1982 3614
225 292 295 346 Μ
323 275 663 350 currimus.
714 300 780 369 235

77 394 304 468 Flaminiam,
334 417 424 477 prono
449 393 622 478 transgressu.
648 397 721 474 Quae
742 416 787 458 tot

79 497 238 560 tantaque
259 478 337 539 brevi
361 477 514 548 consedit,
537 481 649 538 intadlis
672 478 787 537 cultori·

80 558 172 630 bus,
201 559 380 639 prudentiam
405 561 496 641 magis
524 557 610 639 quim
637 560 787 619 avaritiam

81 640 288 721 probavdre3
318 641 400 699 simul
433 638 516 700 censu
551 659 628 698 more
657 659 786 699 veterum

82 724 253 791 exercit0,
278 721 383 781 Senatu
405 739 499 780 mutus
520 721 680 798 probrosior
702 719 785 803 quis-

83 804 158 884 quis
177 823 188 872 3
219 822 277 872 ac,
304 801 384 861 leeris
405 801 527 882 undique
552 803 667 881 optimis
694 803 786 873 viris,

83 884 180 942 mille
211 901 309 964 gentes
339 884 501 962 compositae
521 921 541 951 ‚-
558 879 623 940 crim
654 881 786 944 ducentas

85 963 253 1048 aegerrime
268 983 296 1021 re
317 960 427 1031 eriss'et,
451 961 590 1022 exstinttis
611 960 715 1022 sevititi
727 962 788 1044 Ty·

85 1064 258 1105 tannetum
276 984 421 1124 plirisque.
441 1044 484 1102 Ac
504 1043 580 1102 bello
603 1064 650 1101 tex
667 1040 788 1103 Partho·

87 1147 162 1185 rum
185 1121 350 1217 Vologesur
371 1127 400 1183 in
424 1144 522 1203 pacem
545 1126 681 1193 coaetus,
704 1141 788 1203 atque

88 1208 123 1266 in
152 1205 340 1287 provinciam
360 1204 462 1285 Syria,
488 1205 534 1262 cui
556 1200 708 1262 Palaestiuae
728 1224 787 1263 no·

90 1308 170 1347 men
184 1331 193 1358 ‚
209 1285 353 1365 Judaeique
366 1285 510 1344 adnitente
527 1282 586 1343 filio
595 1283 684 1355 Tito,
702 1304 787 1364 quent

90 1365 312 1447 transgrediens
329 1367 359 1425 in
377 1365 489 1425 ltaliam
507 1366 655 1445 reliquerat
672 1383 789 1426 externae

94 1449 218 1508 militiae
232 1493 241 1517 ,
256 1467 377 1528 moxque
391 1448 528 1506 viliorem
541 1443 706 1505 Praefedturti
718 1446 790 1505 Prae·

94 1530 185 1589 torio
203 1528 346 1588 extulerat.
367 1527 453 1588 Unde
468 1529 554 1587 etiam
570 1524 662 1586 honos
680 1528 724 1597 is,
746 1528 789 1587 in-

96 1630 178 1693 gens
205 1605 223 1667 *a
245 1609 406 1688 principio,
433 1608 590 1678 tumidior.·,
615 1626 644 1666 at
665 1628 698 1667 ue
721 1609 790 1668 alter

96 1690 139 1750 ab
161 1686 292 1771 Augusto
310 1690 430 1768 imperio
446 1688 507 1748 fuit.
525 1685 631 1747 Vertim
643 1629 702 1747 liae
718 1705 789 1747 tem·

98 1768 215 1852 pestate
239 1769 307 1830 dum
332 1766 472 1829 bonorum
492 1767 620 1830 honestas
642 1767 789 1847 despedia·

99 1873 175 1922 tur,
196 1848 325 1931 mistique
345 1850 428 1909 bonis
444 1849 552 1909 indoeti
566 1893 578 1917 ,
598 1869 631 1907 ac
649 1847 792 1928 prudenti·

99 1933 161 1992 bus
186 1932 286 1991 inerter
309 1928 396 2001 sunt,
422 1928 511 1988 fecere
534 1949 640 1988 nomen
667 1929 791 2008 plerique

99 2009 237 2095 potentii
248 2033 368 2071 vacuum
380 2008 503 2070 insolens
516 2030 563 2089 per
575 2010 689 2086 injurias
701 2053 710 2080 ‚
726 2005 791 2069 sub·

7 2161 12 2169 ,
99 2097 216 2173 jestum
234 2093 355 2173 pessimo
375 2093 498 2173 cuique,
516 2099 544 2152 bt
561 2110 680 2150 annonae
700 2087 792 2171 specie

102 2195 208 2254 rapax.
405 2220 407 2223 .

150 2253 191 2313 Χ.
216 2250 357 2314 Caetenim
380 2249 496 2324 Titus,
519 2249 667 2332 postquam
690 2248 790 2332 Impe-

105 2337 185 2397 rium
199 2333 314 2413 adeptus
327 2331 389 2405 est,
411 2333 573 2393 incredibile
591 2331 676 2409 [est]
699 2353 792 2412 quan-

105 2436 174 2477 tum
189 2460 204 2495 ,q
223 2436 309 2496 quem
330 2414 515 2484 imitabatur,
540 2415 692 2482 anteierit,
718 2432 791 2491 prae·

107 2494 209 2557 sertim
223 2496 341 2569 litteris,
356 2492 557 2575 clementiique
573 2514 606 2553 ac
621 2491 792 2554 muneribus.

107 2577 190 2640 Deni
213 2597 246 2637 ue
264 2577 328 2637 crim
349 2572 472 2636 concessa
493 2594 542 2655 per
557 2576 660 2653 priores
677 2572 791 2632 Princi-

109 2679 162 2740 pes
187 2599 293 2718 innati
319 2658 356 2717 ab
379 2655 587 2738 insequentibus
604 2656 676 2733 nior
703 2649 792 2724 effet3

109 2740 200 2803 simul
212 2739 366 2819 Imperium
385 2740 458 2819 cepit
466 2767 482 2809 ·‚
506 2737 574 2797 talia
588 2734 793 2817 polsidentibus

111 2819 208 2881 edicto
225 2817 325 2903 spontb
346 2821 442 2892 cavit,
464 2816 667 2902 prospexitque.
689 2816 793 2898 Neque
810 2881 815 2888 ,
