2010 3616
223 206 291 287 156
339 194 466 267 Aure.
496 200 771 295 Vrcrorrrs

221 315 317 391 subitb
338 317 475 379 imbribus
492 316 734 400 χτοιιίιιιιῐιιιῑιιιιε,
754 341 817 400 quae
839 341 908 383 cum

220 398 271 458 illa
285 417 363 459 crant
373 438 388 469 ,-
400 398 540 478 disjesiis,
558 397 684 461 &Marte
696 398 909 481 compressam,

166 496 178 506 ’
222 480 497 561 conturbatamque‚
518 502 586 541 mox
603 501 760 543 recreatam
774 481 911 544 consola*-

221 564 300 621 tione
319 562 397 632 Dei,
413 560 614 622 nomensuum
634 563 808 633 indicantis,
830 565 911 624 affir-
937 568 942 575 ’

222 641 381 723 montisque
408 664 441 703 ex
460 643 493 702 es
512 663 592 704 natos
614 643 715 726 dignos
738 664 816 725 patre
839 667 911 706 eva-

196 794 200 807 x
222 722 447 793 surosPrimdm
461 726 546 806 igitur
556 726 687 786 Amulius
701 746 767 798 rex,
783 745 815 785 ut
829 748 913 786 com·

222 807 294 887 perit
309 803 420 866 Rheam
445 806 563 866 Silviam
583 804 754 866 sacerdotem
774 805 911 888 peperisse

223 888 377 969 geminos,
418 885 525 947 rotinus
542 889 691 968 imperavit
709 887 854 967 deportari
873 888 911 948 ad

223 988 329 1049 aquam
344 909 548 1047 prosuentem,
566 988 648 1049 atque
663 967 699 1031 eb
715 969 810 1047 abjici.
827 969 911 1031 Tum

223 1050 292 1122 illi,
315 1051 416 1131 quibus
436 1048 466 1108 id
486 1051 655 1129 imperatum
673 1070 756 1119 erat,
779 1051 910 1130 imposi-
995 1108 996 1129 p

225 1150 269 1191 tos
288 1131 370 1195 alveo
385 1151 503 1210 pueros,
526 1133 599 1190 circa
607 1129 717 1201 *radices
731 1133 840 1191 montis
855 1133 913 1192 Pa-

225 1212 287 1270 latii
307 1213 336 1270 in
354 1208 505 1284 Tiberim,
528 1215 577 1291 qui
597 1232 657 1270 turn
677 1213 788 1293 magnis
809 1213 912 1273 imbri·
995 1264 996 1283 1

223 1293 276 1352 bus
294 1290 492 1372 stagnaverat,
516 1294 697 1370 abjecerunt:
720 1291 836 1374 ejusque
862 1315 910 1353 re·
995 1296 996 1311 ¹

225 1375 321 1456 gionis
341 1371 469 1433 subulcus
489 1371 653 1444 Faustulus,
675 1372 834 1454 speculatus
858 1397 910 1435 ex·

224 1472 384 1536 ponentes,
409 1474 439 1513 ut
462 1454 535 1513 vidit
559 1455 700 1514 relabente
724 1455 845 1514 flumine
870 1457 913 1516 al-

224 1556 331 1605 veum,
358 1537 387 1593 in
411 1557 469 1615 quo
491 1536 568 1615 pueri
585 1554 684 1607 erant,
705 1531 854 1595 obhaesisse
876 1537 913 1598 ad

225 1616 355 1676 arborem
377 1613 447 1686 fici,
467 1637 671 1699 puerorumque
689 1618 789 1699 vagitu
811 1618 913 1759 lupam

227 1699 369 1768 excitam,
391 1719 452 1778 quae
464 1719 492 1756 re
513 1717 576 1757 ente
590 1700 693 1757 exierat
707 1743 716 1768 ,
731 1699 826 1776 primb
873 1721 915 1759 m-

226 1779 290 1838 bitu
309 1777 470 1840 eosderers‘
496 1799 510 1836 e
533 1779 621 1848 ,dein
639 1778 825 1859 levandorum
842 1782 914 1840 ube-

227 1883 289 1920 rum
331 1858 401 1919 ratial
422 1881 562 1920 mammas
581 1850 745 1940 pratbuilse,
766 1857 915 1922 descendit

227 1964 260 2002 ac
282 1941 313 2001 su
356 1942 411 2012 lit,
433 1939 650 2025 nutriendosque
668 1938 750 2000 Accae
771 1941 915 2002 Larentia:

228 2025 308 2082 uxori
329 2020 383 2082 suae
403 2021 480 2082 dedit
501 2045 508 2079 ε
538 2041 568 2081 ιιι
586 2019 709 2081 scribunt
725 2020 840 2083 Ennius
860 2024 913 2083 lib.

228 2125 250 2163 1.
274 2112 301 2163 ἃ
317 2099 413 2164 Caesar
433 2104 482 2162 lib.
503 2124 539 2163 11.
559 2102 685 2162 Addunt
698 2101 817 2182 quidam
840 2104 916 2164 Fau·

227 2182 300 2247 stulo
313 2182 361 2243 ins
377 2186 506 2254 estante,
520 2187 616 2264 picum
629 2204 742 2265 quoque
754 2183 915 2257 advolasse,
995 2200 996 2211 ¹

148 2272 151 2281 '
229 2275 256 2326 δι
273 2285 320 2322 ore
338 2206 422 2344 pseuo
439 2264 534 2327 cibum
552 2266 642 2344 pueris
658 2261 824 2345 ingessisse,
847 2267 916 2326 inde

229 2346 360 2408 videlicet
387 2346 484 2426 lupum
507 2347 658 2428 picumque
678 2342 792 2409 Martiae
819 2348 916 2409 tutelae

229 2425 281 2489 esse
303 2474 313 2500 ,
334 2427 463 2486 arborem
490 2448 602 2508 quoque
627 2427 705 2486 illam
726 2422 916 2487 Ruminalem

229 2512 357 2581 didam,
380 2511 452 2571 circa
471 2529 557 2589 quam
572 2510 660 2589 »pueri
682 2504 786 2585 abjecti
808 2527 916 2580 erant,

230 2590 308 2672 qubd
335 2597 392 2671 ejus
423 2586 475 2650 sub
502 2587 601 2649 umbrsa
625 2609 707 2668 pecus
730 2586 917 2669 acquiescens

230 2671 346 2730 meridie
362 2672 502 2731 ruminare
521 2672 556 2730 sit
572 2669 695 2731 solitum.

270 2751 333 2813 XX
341 2746 365 2813 l.
379 2752 420 2814 At
431 2750 498 2815 verb
510 2753 641 2814 Valerius
651 2746 752 2822 tradit,
764 2771 871 2833 pueros
884 2773 918 2812 ex
