1972 3624
269 286 620 338 urrunnu
708 294 775 356 3m

101 387 178 448 fecit.
212 386 411 448 Constantium
440 397 468 449 δι
499 387 645 447 Galerium
675 387 776 447 Maxi·

101 472 229 527 mianum
255 488 446 551 cognomento
472 469 681 543 Armentarium
706 468 777 528 Cae-

101 548 174 608 sares
195 552 322 618 creavit,
347 550 457 609 tradens
481 548 650 609 Constantio
671 547 776 607 Theo-

102 629 201 687 doram
234 629 362 689 Herculii
392 631 564 691 Maximiani
596 631 779 712 privignam,

101 709 213 786 abjeci&
234 731 317 769 uxore
336 712 431 788 priori.
456 710 522 769 Hoc
545 730 672 789 tempore
693 708 778 770 Cha-

101 793 196 849 tausio
213 793 242 849 in
264 790 384 861 Galliis,
407 788 550 850 Achilleus
571 790 645 870 apud
665 786 782 873 AEgyp-
836 836 839 843 .

103 890 187 941 tum,
208 872 333 931 Julianus
351 873 381 930 in
402 870 484 930 ltalia
504 872 686 951 Imperatores
707 869 779 930 effe·
855 937 857 941 ,

105 953 162 1021 sti,
181 949 290 1011 diverso
308 954 383 1010 exitu
403 953 513 1032 perisre.
531 952 556 1011 Ε
575 953 676 1033 quibus
695 952 781 1011 Julia-

104 1053 157 1090 nus
174 1035 238 1091 asio
257 1053 303 1110 per
323 1032 410 1092 costas
430 1035 572 1114 pugione,
591 1035 620 1091 in
640 1034 736 1113 ignem
753 1031 781 1091 se

105 1112 217 1191 abjecit.
239 1113 432 1172 Diocletianus
454 1110 522 1172 verti
546 1113 620 1192 apud
639 1113 781 1171 Nicome-

106 1192 184 1252 diam
207 1190 304 1272 spontl
324 1194 479 1274 imperiales
497 1191 584 1252 fasces
603 1194 782 1273 relinquens,

106 1275 136 1332 in
156 1276 273 1352 propriis
294 1275 368 1355 agris
396 1271 548 1332 consenuit.
571 1273 631 1349 Qui
656 1273 723 1332 dum
745 1275 782 1333 ab

77 1378 82 1391 ¹
105 1353 242 1414 Herculio
272 1373 355 1434 atque
383 1355 498 1414 Galerio
528 1353 563 1413 ad
592 1353 782 1433 recipiendum

107 1435 256 1512 imperium
272 1451 435 1516 rogaretur,
453 1453 599 1514 tamquam
613 1433 715 1512 pestem
731 1436 785 1493 ali-

108 1536 194 1596 quam
205 1514 357 1585 detestans,
369 1518 398 1575 in
410 1511 483 1573 hunc
496 1515 613 1587 modum
624 1514 781 1594 respondit:

107 1595 228 1657 Utinam
253 1596 362 1654 Saloirae
385 1592 495 1675 possetis
514 1592 601 1654 visere
622 1595 698 1654 oleta
717 1594 785 1654 nos-

108 1679 158 1735 tris
174 1678 303 1735 manibus
319 1675 464 1746 instituta,
484 1673 612 1757 profesio
628 1696 784 1758 numquam

108 1755 183 1815 istud,
204 1756 368 1817 tentandum
390 1757 557 1834 judicaretis.
582 1758 665 1816 Vixit
694 1779 784 1818 annos

108 1835 253 1917 sexaginta
275 1841 361 1908 osio,
384 1858 417 1896 ex
437 1835 499 1917 quls
520 1838 666 1895 communi
686 1835 786 1898 habitu

109 1938 159 1999 pro
180 1918 195 1976 ὲ
213 1939 316 1977 novem
334 1920 401 2000 egit.
417 1918 513 1976 Morte
531 1914 712 1994 consumptus
728 1915 784 1990 est,

109 2018 141 2057 ut
155 1939 219 2058 sitis
232 2001 341 2079 patuit,
360 2019 407 2078 per
420 1996 602 2056 formidinem
614 1996 785 2057 voluntatis.

110 2079 224 2158 Quippe
243 2077 344 2137 crim-‘a
364 2076 553 2139 Constantino
573 2098 656 2158 atque
673 2079 786 2137 Licinio

109 2179 225 2220 vocatus
254 2159 290 2218 ad
313 2158 381 2217 festa
400 2160 584 2238 nuptiarum,
612 2178 662 2236 per
685 2157 784 2218 senec·

110 2253 192 2309 tam,
213 2237 271 2319 quo
294 2239 387 2298 mintls
408 2234 533 2297 interesse
554 2239 659 2297 valeret
670 2283 685 2316 ⁹.
703 2260 786 2298 excu-

110 2316 241 2389 savisset,
257 2317 394 2399 rescriptis
408 2320 564 2379 minacibus
575 2320 714 2399 acceptis,
726 2322 788 2398 qui·

111 2401 164 2460 bus
181 2401 371 2477 increpabatur
383 2401 532 2458 Maxentio
544 2395 658 2468 favisse,
678 2420 709 2456 ac
723 2400 788 2458 Ma·

111 2481 222 2540 ximino
243 2479 354 2551 favete,
375 2478 530 2559 suspeslans
549 2498 646 2538 necem
667 2477 788 2538 dedeco-

111 2559 225 2630 rosam,
245 2582 384 2620 venenum
404 2562 504 2620 dicinu
519 2556 645 2619 hausiffe.

153 2641 220 2701 XL.
242 2641 296 2700 His
316 2642 413 2701 diebus
436 2638 619 2701 Constantius
640 2637 787 2700 Constan-

112 2724 166 2780 tini
189 2740 287 2800 pater,
310 2742 392 2803 atque
421 2724 611 2781 Armentarius
640 2719 788 2791 Caesares,

111 2800 232 2886 Augusti
256 2804 455 2884 appellatum,
483 2805 581 2865 creatis
607 2799 765 2864 Caesatibus
777 2845 789 2872 ,
