2056 3628
307 211 491 280 Linau
540 204 639 279 IIL
769 208 814 304 35

124 336 191 393 cum'
210 332 333 390 eierciru
350 331 383 390 iu
399 327 571 410 Hispaniam
591 325 733 408 profectus
753 322 812 405 e'st,

125 414 259 473 Tiberius
276 413 459 492 Sempronius
478 413 508 470 in
526 411 654 471 Siciliam
676 433 683 468 τ
704 411 817 475 bellum

126 493 415 578 Carthaginiensibus
429 492 566 553 indictum
580 490 627 552 est.
643 492 813 569 Hannibal,
843 527 849 540 ·

125 578 226 636 reliilo
258 577 290 634 in
319 571 459 656 Hispaniis
490 573 572 634 fratre
601 572 814 650 Hasdrubale,

11 708 18 719 .
126 658 292 739 Pyrenaeum
308 658 436 716 transiit:
451 657 559 735 Alpes,
583 653 675 715 adhuc
689 655 722 717 ea
734 679 813 739 parre

127 741 246 809 mvias,
266 738 323 798 sibi
356 736 479 798 arefecit
496 736 630 797 Traditur
648 736 685 797 ad
697 739 813 801 Italiam

128 823 281 902 ocioginta
297 758 387 878 millia
406 817 555 899 peditum,
576 828 604 880 &
623 820 726 902 viginti
746 823 814 882 mil-

129 902 169 961 lia
186 903 336 982 equitum,
358 898 464 981 septem
475 908 503 959 δι
516 901 631 1040 tripima
648 899 815 982 elephantos

130 978 285 1042 adduxisse.
311 982 419 1042 Interea
442 981 523 1041 multi
574 984 664 1065 igures
688 992 715 1042 δι
734 984 815 1044 Galli

107 1062 293 1133 -Hannibali
325 1061 353 1123 le
387 1068 597 1142 conjunxerunt.
632 1065 817 1145 Sempronius

133 1142 302 1215 Gracchus3
325 1166 359 1204 co
380 1147 442 1204 nito
460 1141 496 1203 ad
514 1144 628 1204 ltaliam
645 1144 818 1207 Hannibalis

132 1225 281 1297 adventu,
303 1247 336 1285 ex
358 1164 455 1285 Sicilia
477 1227 818 1288 exercitum-Ariminum

133 1325 252 1367 traecrt.
397 1326 400 1331 ·

140 1416 146 1453 .·
177 1328 236 1448 lx.
257 1388 372 1450 Publius
385 1388 537 1450 Cornelius
550 1388 645 1471 Scipio
658 1387 819 1452 Hannibali
831 1428 832 1431 =

136 1472 244 1551 primus
254 1475 373 1531 occurrit
387 1492 394 1528 r
410 1466 558 1531 commlssb
576 1471 692 1551 praelio,
712 1469 820 1555 fugatis

136 1549 194 1612 suis
218 1597 228 1623 ,
256 1550 319 1631 ipse·
351 1552 510 1612 vulneratus
549 1554 579 1611 in
607 1551 693 1613 castra
725 1552 818 1615 rediit.

137 1633 320 1713 Sempronius
332 1631 517 1695 Gracchus&
532 1631 589 1714 ipse
604 1636 734 1716 confligit
744 1634 821 1712 apud

137 1713 276 1774 Trebiam
290 1736 405 1774 amnem
419 1739 425 1772 z
439 1717 462 1774 is
473 1713 586 1799 quoque
599 1717 728 1776 vincitur.
740 1715 822 1775 Han-

137 1796 230 1856 nibali
257 1795 381 1856 multila
402 1799 432 1856 in
450 1794 533 1855 Italici
553 1796 728 1857 dediderunt.
750 1796 822 1856 Inde

138 1877 177 1936 acl
196 1875 333 1937 Tusciam
351 1880 467 1937 veniens
487 1877 659 1946 Hannibal,
677 1877 821 1937 flaminio

139 1957 264 2019 Consuli
282 1961 401 2018 ocurrric
415 1955 532 2038 :ipsum
546 1952 719 2017 Flaminium
736 1960 823 2018 inter-

139 2040 212 2099 emit
228 2063 236 2097 :
252 2040 449 2100 Romanorum
470 2040 573 2122 viginti
589 2042 658 2122 quin
680 2059 714 2099 ue
731 2041 824 2101 millia

140 2119 213 2181 caela
224 2119 305 2192 sunt,
320 2123 410 2182 caereri
421 2117 600 2205 diffugerunt.
615 2061 715 2182 Milius
728 2123 825 2181 adver-

113 2278 115 2283 ·
139 2202 188 2262 sris
197 2202 392 2274 Hannibalem
405 2200 504 2284 postea
515 2200 532 2261 t
544 2200 683 2263 Romanis
731 2205 826 2264 uinrus

140 2283 246 2344 Fabius
263 2281 418 2344 Maximus.
443 2285 576 2356 Iseum,
597 2281 752 2346 differendo
773 2305 827 2364 pu-

142 2385 256 2447 guam,
279 2365 317 2426 ab
340 2369 455 2446 'impetu
483 2365 568 2449 fregit
580 2413 597 2436 ‚¹
617 2387 685 2426 mox
712 2364 828 2426 inventi

16 2492 19 2497 Δ
140 2448 292 2507 occasione
309 2448 388 2507 vicrt.

183 2527 222 2587 X.
234 2529 474 2611 Quingentesimo
484 2528 739 2610 &quadragesimo
750 2549 828 2591 anno

141 2606 161 2668 ὲ
189 2609 305 2670 conditi
332 2609 438 2681 Urbe,
467 2613 501 2671 L.
531 2610 670 2669 AEmilius
700 2608 800 2670 Paulus
815 2657 828 2681 ‚

141 2690 174 2750 P.
200 2690 351 2751 Terentius
371 2691 486 2764 Varro,
518 2710 615 2751 contra
634 2688 829 2757 Hannibalem

139 2773 312 2844 mittuntur,
323 2772 471 2853 Fabioque
483 2771 634 2835 succedunt
634 2853 657 2912 B
665 2775 714 2870 qui
725 2773 829 2834 fabius

614 2921 617 2926 .
678 2876 705 2933 Vl
