2010 3616
146 248 155 269 s
220 274 287 351 164
361 261 738 334 AonVrcron

216 384 361 454 firmavit,
373 383 529 444 Romulum
548 380 565 443 l
578 382 606 443 se
623 387 653 443 in
671 384 743 443 colle
758 376 908 462 Quirinali

193 510 194 513 η
216 465 308 527 visum
323 464 478 605 ειιέυίᾘοῐε
495 463 605 536 formb,
623 463 688 524 etim
702 465 739 524 ad
749 466 829 525 Deos
844 469 906 525 abi-

218 566 281 616 ret,
296 568 350 605 eun
371 568 472 629 emque
486 549 632 627 praecipere
643 592 655 616 ,
675 566 705 604 ut
717 545 905 607 seditionibus

217 627 387 687 abstinerent
406 673 416 699 ‚
439 630 572 688 virtutem
599 629 721 688 colerent
740 651 750 698 3
773 627 905 688 futurum

218 726 250 767 ut
274 712 404 768 omnium
438 712 565 792 gentium
597 707 707 767 domini
735 708 906 770 exsisterent.

218 788 312 866 Hujus
337 793 494 850 austoritati
519 789 656 848 creditum
681 788 729 848 est.
756 786 851 849 AEdes
874 792 905 849 in

221 871 292 929 colle
322 871 464 947 Quirinali
492 870 617 930 Romulo
649 868 821 942 constituta,
847 868 906 950 ipse

221 970 272 1030 pro
285 951 350 1010 Deo
367 953 455 1010 cultus
466 997 477 1020 ,
489 960 517 1011 &
530 952 668 1028 Quirinus
685 949 724 1008 est
740 951 905 1030 appellatus.

263 1032 325 1091 ΙΙΙ.
347 1031 417 1091 Post·
429 1030 667 1091 consecrationem
681 1033 823 1104 Romuli,
841 1029 905 1090 edm

224 1111 272 1171 diu
298 1115 486 1195 interregnum
510 1109 598 1181 ellet,
621 1121 648 1172 &
671 1110 822 1172 seditiones
848 1115 907 1171 ori·
984 1134 985 1177 l

224 1213 338 1264 rentur,
359 1195 457 1254 Numa
471 1194 627 1273 Pompilius
639 1192 797 1273 Pomponis
812 1191 905 1265 filius,

225 1273 349 1335 Curibus
371 1275 477 1355 oppido
499 1274 669 1335 Sabinorum
692 1276 817 1346 accitus,
842 1272 905 1332 edm
984 1292 985 1301 ¹

224 1355 417 1416 addicentibus
435 1355 534 1415 avibus
559 1356 685 1415 Romam
713 1349 853 1428 venillet,
878 1373 907 1413 ut

227 1437 363 1516 populum
385 1436 475 1495 ferum
501 1438 637 1516 religione
660 1437 807 1507 molliret,
828 1435 906 1496 sacra

227 1517 347 1597 plurima
364 1515 483 1576 instituit
494 1517 612 1587 ;*aedem
629 1514 721 1575 Vestae
738 1516 829 1589 fecit,
851 1518 907 1574 vir-

229 1600 309 1667 mnes
324 1594 450 1657 Vestales
469 1598 560 1680 legit3
580 1596 722 1659 Flamines
738 1617 815 1668 tres,
834 1599 905 1658 Dia·

227 1681 282 1741 lem
296 1679 498 1749 ,Martialem
512 1678 690 1755 Quirinalem
702 1726 712 1750 ‚
724 1679 817 1738 Salios
828 1679 908 1738 Mar·

228 1762 264 1822 tis
280 1757 455 1830 sacerdotes,
478 1781 598 1840 quorum
615 1763 719 1840 primus
738 1758 842 1819 Praesul
856 1782 907 1819 vo-

230 1861 328 1912 catur,
345 1862 405 1901 xri.
424 1839 549 1901 instituit.
565 1840 732 1900 Pontificem
744 1841 907 1901 Maximum

231 1925 342 1983 creavit.
357 1924 454 1982 Portas
464 1923 537 1982 Jano
551 1925 668 2006 gemino
681 1920 841 1982 aedificavit.
852 1923 908 1980 Au·

230 2016 299 2069 rium
314 2005 344 2062 in
362 2024 421 2062 x11.
438 2001 545 2065 menses
560 2001 718 2074 distribuit,
738 2003 844 2062 additis
861 2003 908 2062 Ja-

231 2086 330 2145 nurrio
353 2093 379 2142 &
395 2084 554 2145 Februario.
579 2087 670 2168 Leges
688 2104 802 2167 quoque
823 2084 908 2164 plures

229 2175 260 2226 ‘&
277 2166 358 2223 utiles
372 2166 497 2242 [tulin]
517 2168 630 2237 omnia,
645 2168 729 2246 [quae
747 2166 881 2248 gerebat,
894 2164 905 2236 ]

232 2243 302 2325 jul'u
326 2246 435 2326 Egeriae
455 2245 610 2332 nymphae,
630 2249 757 2329 conjugis
779 2244 864 2315 suae,
884 2240 909 2303 le

234 2326 326 2387 facere
340 2328 482 2391 simulans.
501 2325 639 2387 Obbane
655 2347 763 2386 tantam
777 2324 908 2405 justitiam

233 2409 340 2468 bellum
359 2411 385 2466 ei
403 2429 488 2468 nemo
505 2408 606 2470 intulit.
626 2409 735 2468 Morbo
753 2405 860 2468 solutus
882 2408 909 2463 in

233 2490 364 2551 laniculo
380 2488 498 2569 sepultus
518 2489 576 2560 est,
595 2490 644 2549 ubi
662 2487 724 2570 post
737 2490 843 2548 multos
858 2509 910 2545 an-

234 2594 286 2632 nos
307 2572 399 2633 arcula
417 2593 480 2631 cum
500 2570 577 2631 libris
599 2569 615 2630 *a
631 2571 768 2630 Terentio
787 2567 909 2651 quodam

235 2671 346 2712 exarata
369 2675 374 2708 ε
397 2655 446 2733 qui
469 2652 558 2722 libri,
586 2653 652 2734 quis
678 2653 751 2711 leves
777 2648 911 2732 quasdam

237 2729 378 2791 sacrorum
396 2733 492 2792 caulis
512 2732 718 2803 continebant,
737 2753 772 2791 ex
788 2729 908 2793 austori-

236 2831 293 2871 tate
310 2815 425 2874 Petrum
443 2816 558 2874 cremati
574 2813 645 2875 sunt.
