2010 3616
231 284 364 354 Ouioo
384 283 546 354 Gensis
562 285 672 356 lion.
726 306 792 377 137

116 401 179 460 tuit
197 424 207 472 3
227 422 256 463 ut
274 404 390 485 quidem
409 405 536 466 indicant
555 407 596 466 illi
615 403 730 466 versus:

162 505 192 564 Is
202 529 282 646 ἕῖνιμε
296 510 434 579 indocile,
450 531 482 568 ac
497 507 642 589 disperfitm
658 510 796 571 montibus

106 714 115 727 .
164 607 312 764 eodiisfuft
331 712 343 740 ,
375 669 490 750 legesque
510 674 583 732 dedit
602 695 617 745 ,·
636 673 796 752 Latiumque

159 772 333 901 Mdldtcidslhis
342 833 468 910 quoniam
476 827 593 907 latuisset
602 851 676 894 tutus
684 834 715 893 in
725 837 793 895 oris.

116 932 203 994 Istum
221 938 306 995 etiam
322 933 403 995 usum
414 936 545 1016 signandi
555 940 614 996 aeris
629 956 661 996 ae
675 958 795 998 monete

117 1019 149 1075 in
169 1015 291 1076 formam
311 1017 476 1077 incutiendae
493 1014 637 1079 ostendisse
655 1019 795 1091 traditur,

118 1099 148 1156 in
166 1095 223 1177 quit
242 1098 278 1156 ab
298 1096 355 1156 unit
373 1117 450 1178 parte
470 1117 552 1177 caput
570 1104 628 1176 ejus
642 1102 794 1198 imorime·

118 1194 215 1246 retur,
238 1176 326 1237 alteris
344 1181 442 1249 navis,
460 1178 517 1259 qui
536 1182 631 1238 vestus
655 1180 706 1237 illo
727 1200 796 1241 erat.

116 1258 204 1320 Unde
215 1256 355 1338 hodieque
366 1259 501 1318 aleatores
513 1263 607 1339 posito
618 1280 706 1318 numo
717 1272 797 1339 oper‘-

116 1358 222 1420 toque,
238 1342 385 1419 optionem
397 1338 581 1400 collusoribus
592 1358 700 1419 ponunt
708 1361 797 1401 enun-

115 1420 213 1480 tiandi
230 1419 298 1500 quid
316 1439 413 1500 putent
432 1418 557 1491 subesse,
576 1441 658 1501 caput
675 1441 722 1480 aut
740 1443 795 1482 nu·

115 1522 206 1571 vem,
225 1499 303 1581 quod
319 1522 393 1560 nunc
409 1500 498 1587 vulgi)
514 1521 721 1582 corrumpentes
739 1508 794 1562 na*-

114 1581 219 1642 viandi
232 1582 335 1641 dicunt.
350 1580 440 1642 AEdes
457 1603 569 1663 quoque
587 1583 637 1644 sub
650 1586 723 1644 clivo
736 1584 797 1645 Ca-

112 1662 260 1744 pitolino,
277 1665 308 1721 in
327 1683 385 1742 quo
405 1667 551 1742 pecuniam
573 1665 717 1725 conditam
739 1663 795 1724 ha-

113 1743 227 1812 bebat,
245 1741 392 1803 AEtarium
406 1744 519 1804 Saturni
529 1743 668 1827 hodieque
685 1746 797 1807 dicitur.

113 1825 230 1884 Verum
261 1827 326 1895 uia,
344 1824 472 1904 utsupra
487 1826 628 1895 diximus,
644 1829 719 1904 prior
732 1826 797 1885 illus

113 1907 132 1968 J
135 1926 209 1965 anus
225 1846 394 1976 advenerat,
410 1905 473 1965 etim
491 1927 539 1964 eos
550 1904 613 1985 post
629 1907 739 1965 obitum
753 1905 797 1965 di-

111 1989 194 2046 vinis
206 1983 358 2045 honoribus
374 1986 557 2046 cumulandos
572 1982 753 2055 censuissent,
768 1989 799 2048 in

108 2066 206 2128 sacris
223 2068 354 2127 omnibus
372 2071 495 2147 primum
513 2067 607 2127 locum
626 2069 699 2129 Jano
716 2067 797 2127 detu-

117 2150 215 2209 lerunt
226 2170 236 2219 3
247 2147 332 2230 usque
343 2147 397 2220 εὸ,
416 2169 447 2208 ut
460 2152 545 2209 etiam
557 2195 567 2219 ‚
579 2149 642 2209 crim
657 2151 719 2210 aliis
733 2150 797 2209 Diis

117 2227 288 2292 sacrificium
299 2225 352 2298 fit,
368 2231 434 2289 dato
443 2228 524 2289 thure
533 2234 563 2290 in
574 2232 694 2300 altaria,
711 2231 796 2290 Janus

118 2312 201 2393 prior
215 2314 395 2381 nominetur,
415 2317 606 2395 cognomento
640 2330 732 2390 noque
747 2310 798 2368 ad-

118 2392 183 2452 dito
199 2391 298 2462 Pater,
317 2391 468 2452 secundum
488 2393 566 2475 quod
580 2334 673 2453 nodet
689 2410 799 2472 cogno·

118 2492 219 2536 mento
238 2476 276 2533 sic
294 2475 406 2533 intulit:
591 2491 594 2496 ·
750 2512 752 2517 »

160 2570 243 2630 Hanc
250 2571 337 2630 Ianus
342 2571 444 2643 Pater,
453 2572 523 2632 hanc
532 2570 668 2630 Saturnus
678 2568 800 2628 condidit

201 2675 298 2713 arcem.

115 2742 163 2808 Ac
183 2741 322 2804 subinde:

157 2835 314 2897 Ianicuum
323 2834 386 2896 huic
390 2857 405 2910 ;
411 2840 457 2898 illi
456 2836 685 2921 ficeratSatumia
693 2856 799 2899 nomen.
