2056 3628
299 244 484 318 Ltuuu
533 246 602 318 IL
747 263 788 348 κς

104 364 219 441 Epirum
249 364 276 428 ἃ
308 368 441 445 rquuum
473 366 609 428 Gratiam
635 387 789 445 putaretur.

105 448 189 509 Missi
208 447 274 509 sunt
293 467 391 507 contra
413 447 550 531 Pyrrhum
570 450 653 510 duces
671 447 702 510 P.
721 453 789 513 su-

104 532 193 611 picius
210 540 237 590 &
250 530 356 589 Decius
369 529 438 589 Mus
452 529 601 592 Consules.
622 530 789 594 certamine

102 608 279 681 cornmiffo,
307 607 428 689 Pyrrhus
451 611 609 672 vuineratus
636 611 696 684 est,
723 616 787 674 ele·

105 691 207 773 phanti
225 690 391 761 interfecti,
410 693 515 774 viginti
535 694 626 752 millia
645 694 712 754 caesa
729 693 792 754 ho·

105 773 214 843 stium,
248 781 275 832 &
301 793 335 830 ex
360 771 501 831 Romanis
524 768 640 833 tuntumx
664 778 790 859 quinque

106 855 208 914 millia.
227 850 349 933 Pyrrhus
368 851 526 913 Tarentum
544 854 667 939 fugatus.

147 936 245 994 XIV.
261 935 411 1013 Interjer
427 956 525 1006 anno,
541 955 638 996 contra
652 935 791 1018 Pyrrhum

107 1017 254 1076 Fabricius
270 1013 308 1073 est
324 1012 440 1086 mitius,
462 1017 514 1096 qui
532 1015 605 1096 priris
626 1018 697 1077 inter
715 1019 793 1102 lega-

107 1117 153 1158 tos
176 1096 323 1157 sollicitari
343 1118 403 1155 non
421 1115 571 1176 potuerat,
594 1096 694 1180 quartu
715 1119 794 1178 parte

108 1201 137 1239 re
180 1182 186 1191 ’
210 1175 357 1258 promissa.
378 1176 481 1248 Ttirn,
502 1176 567 1237 cuim
591 1181 685 1240 vicina
708 1179 795 1242 castra

107 1262 170 1341 ipe
192 1269 219 1320 &
242 1280 289 1318 rex
312 1255 467 1329 haberent,
491 1259 616 1320 medicus
638 1258 738 1340 Pyrrhi
758 1261 795 1322 ad

109 1362 176 1400 eum
192 1344 276 1400 noste
292 1340 392 1411 venit,
408 1341 576 1419 promittens
591 1360 700 1401 veneno
719 1342 794 1422 Pyr-

110 1420 197 1482 rhum
218 1418 401 1490 occisurum,
424 1422 447 1479 si
471 1422 523 1480 sibi
544 1421 652 1504 aliquid
672 1424 795 1502 pollice·

109 1522 209 1572 retur3
227 1518 312 1583 quem
325 1500 468 1560 Fabricius
486 1503 612 1562 vinctum
628 1505 722 1563 reduci
740 1511 796 1583 jus·

110 1586 149 1644 sit
173 1581 211 1643 ad
236 1582 410 1650 dominum,
433 1579 596 1665 Pyrrhoque
623 1585 707 1655 dici,
752 1602 795 1646 uae

112 1682 213 1724 contra
243 1683 327 1743 caput
359 1668 416 1741 ejus
441 1662 566 1725 medicus
595 1663 645 1744 spo
665 1608 796 1728 ondihet.

111 1745 198 1806 Tunc
220 1765 269 1804 rex
291 1743 434 1803 admirans
452 1765 541 1815 turn,
566 1687 665 1806 diruti}
699 1766 796 1806 estur:

109 1829 166 1887 Ille
184 1828 220 1909 est
234 1825 403 1896 Fabricius,
425 1827 472 1901 qui
489 1825 630 1904 difficilius
650 1828 684 1886 ab
706 1828 799 1887 hone*

106 1910 202 1990 state,
222 1906 302 1985 quum
319 1904 368 1983 firl
384 1903 402 1963 ὰ
421 1905 497 1982 curfit
516 1905 570 1983 fito
589 1909 681 1966 auerti
701 1910 797 1989 potest.
857 1962 859 1965 .

112 1988 194 2048 Tum
212 2010 258 2047 rex
277 1989 306 2046 in
323 1986 451 2046 Siciliam
465 1984 605 2065 profectus
622 1986 662 2047 est
678 2012 686 2045 t
701 1970 798 2049 Fahri⁴

112 2072 197 2140 cius,
214 2070 295 2129 victis
306 2066 481 2135 Samnitibus
494 2075 522 2129 &
536 2068 676 2140 Lucanis,
694 2072 797 2129 trium·

112 2149 226 2232 phatir.
249 2147 389 2210 Consules
410 2147 512 2209 deinde
533 2148 636 2209 Cutius
657 2150 799 2212 Dentatus

113 2241 143 2293 8(
159 2230 310 2292 Cornelius
325 2229 480 2299 Lentulus,
498 2228 643 2290 adversum
657 2229 801 2313 Pyrrhum

113 2310 288 2372 missisunt.
310 2311 415 2372 Cutius
433 2329 530 2370 contra
550 2332 615 2370 eunt
636 2316 800 2395 pugnavitg

113 2395 270 2453 exercitum
291 2397 349 2472 ejus
374 2390 499 2462 cecidit,
523 2391 614 2472 ipsum
641 2393 798 2454 Tarentum

114 2473 253 2556 fugavit,
270 2471 357 2533 castra
372 2473 455 2552 cepit.
471 2470 515 2531 Eu
529 2473 573 2532 die
592 2471 660 2533 caesa
675 2472 799 2534 hostium

114 2557 146 2614 vi
170 2556 223 2614 inti
235 2557 289 2614 tria
306 2553 406 2612 millia.
417 2552 520 2613 Curius
531 2554 670 2614 Dentatus
678 2556 710 2614 in
720 2555 803 2617 Con-

115 2576 211 2695 suhatu
235 2632 446 2715 triumphavit:
466 2636 571 2715 primus
595 2634 720 2695 Romam
743 2636 801 2696 ele-

113 2715 242 2798 phantos
254 2736 376 2798 quatuor
387 2715 474 2774 duxit.
489 2713 609 2795 Pyrrhus
619 2717 706 2777 etiarn
716 2714 803 2779 uTa-

111 2818 200 2856 rento
217 2798 424 2866 mouerunt,
435 2803 463 2853 δι
472 2795 548 2877 apud
558 2798 652 2882 Argos
663 2843 673 2870 ,
688 2798 802 2862 Graeciae

113 2880 287 2952 civitatem,
300 2876 408 2939 occisus
422 2873 469 2936 est.
507 2906 520 2935 t
655 2876 681 2938 B
