1982 3614
235 255 303 306 Μ
331 239 669 311 CAEsAaraus.
721 266 789 330 ψ»

90 357 293 427 canentibus,
310 355 374 417 calm
387 358 441 418 sibi
454 356 625 420 citharistam
641 360 793 442 poposcis-

93 439 141 502 set
161 463 173 510 3
197 435 334 519 responso
355 438 445 509 dato,
464 439 583 501 liberum
599 438 672 512 else,
693 441 790 504 sume-

95 541 143 582 ret
159 517 227 600 ipse
248 540 333 600 quem
352 520 436 579 vellet
453 520 468 578 l
487 518 563 591 suis,
585 521 725 584 ostentans
742 514 794 606 qui

95 601 248 662 convivio
267 600 408 659 aderant:
431 600 596 679 adjecerat,
620 601 699 685 quod
723 606 794 665 liber

94 682 155 744 sub
171 682 297 760 imperio
310 681 401 740 nullus
412 678 567 742 haberetur.
580 684 622 743 Ac
635 687 666 743 ni
678 685 791 757 Galba,

95 766 154 846 qui
174 758 325 841 Hispaniae
344 761 524 840 praesidebat,
539 765 655 846 cognito
672 765 794 827 manda-

96 864 169 905 tum
193 840 239 902 sui
256 843 396 912 exitium,
418 864 581 924 quanquam
603 842 712 906 sonesti
729 867 794 909 aeta·

96 943 156 996 te,
180 925 302 1004 imperio
321 942 447 1001 correpto
468 921 659 997 subvenilset;
682 946 792 987 tantum

99 1006 224 1067 facinus
243 1001 318 1063 haud
338 1003 422 1063 dubii
442 1023 600 1084 patraretur.
613 1006 721 1066 Venlm
736 1013 793 1086 ejus
809 1055 814 1059 .

99 1087 238 1148 adventu
250 1082 370 1144 desertus
382 1083 504 1165 undique
514 1130 523 1156 ,
535 1089 589 1145 nisi
600 1087 637 1145 ab
647 1087 770 1168 spadone
780 1126 792 1158 s

99 1187 200 1250 quern
215 1163 361 1247 quondam
377 1162 517 1224 exsemum
536 1166 658 1226 formare
675 1172 705 1227 in
725 1188 793 1231 mu÷

100 1249 210 1309 lierem
238 1264 415 1317 tentaverat,
440 1243 528 1305 semet
552 1249 609 1306 iclu
629 1246 793 1331 transegit,

102 1327 178 1388 crim
210 1327 364 1407 implorans
390 1323 572 1406 perculsorem
600 1327 672 1400 diu,
695 1350 730 1389 ne
757 1328 795 1388 ad

104 1427 239 1469 mortem
255 1407 370 1489 quidem
384 1402 524 1466 meruillet
543 1406 706 1491 cujusquam
726 1409 794 1470 offi-

106 1493 202 1550 cium.

153 1570 217 1632 Hic
244 1565 306 1629 finis
335 1566 480 1630 Caesarum
524 1572 582 1630 enti
608 1569 687 1641 fuit,
710 1592 796 1653 quem

108 1650 178 1712 fore
192 1649 387 1733 prodigiorum
399 1650 488 1710 multa
500 1590 716 1723 lenuntiavlte',
731 1670 797 1733 prae-

108 1731 254 1870 cipueque
272 1750 369 1790 eorum
389 1731 499 1809 praediis
516 1730 640 1793 arescens
656 1735 724 1792 lauri
745 1753 796 1792 nc·

110 1834 181 1873 mus
220 1813 324 1871 icamm
343 1809 578 1889 triumphantibus
595 1834 605 1882 3
624 1831 707 1893 atque
726 1814 796 1872 inte-

109 1895 186 1953 ritus
203 1893 471 1976 gallinarumque
487 1889 559 1951 aleb
575 1893 688 1962 mutan,
704 1893 794 1952 albae-

111 1994 173 2114 que
192 2017 202 2044 ,
224 1975 342 2111 aptiores
371 1991 449 2031 erant
473 1971 684 2055 religionibus,
707 1991 737 2034 ut
761 1974 796 2035 iis

144 2074 220 2113 omae
262 2054 376 2113 abeatur
394 2050 480 2112 hodie
498 2053 587 2112 locu-s.

161 2134 220 2194 VI.
242 2135 280 2194 At
306 2134 426 2203 Galba,
451 2130 527 2194 haud
550 2131 625 2195 sectis
651 2134 754 2196 nobilis
779 2133 795 2194 ὲ

115 2234 203 2309 gente
218 2213 370 2276 clarissimi
381 2214 568 2294 Sulpiciorum
581 2260 590 2286 ,
608 2215 658 2275 ubi
670 2215 796 2275 Romam

115 2317 146 2356 m
170 2291 252 2359 tellus
269 2293 329 2368 est,
349 2296 428 2377 quasi
443 2295 555 2356 luxurie
572 2298 717 2356 autetiam
736 2317 796 2355 cru-

63 2419 67 2427 .
117 2317 229 2436 delitati
253 2377 356 2437 auxilio
384 2373 539 2437 ventitalset
560 2397 570 2446 3
592 2396 711 2457 rapere,
734 2396 794 2435 tra-

119 2455 186 2519 here
198 2503 210 2527 ‚
229 2478 349 2529 vexare,
368 2478 401 2516 ac
420 2455 527 2517 foedum
545 2460 575 2517 in
592 2456 710 2516 modum
727 2454 795 2515 vas·

119 2556 179 2597 tare
198 2540 298 2598 cuncta
307 2584 320 2608 ,
334 2547 362 2599 δι
379 2538 510 2618 polluere.
527 2534 600 2613 Quis
611 2538 692 2596 rebus
705 2534 795 2597 intes·

119 2619 233 2678 tabiliot
246 2619 337 2698 [dum
348 2621 457 2702 gravius
468 2614 616 2677 offendunt
632 2638 703 2699 quos
715 2619 795 2677 mol·

121 2695 174 2757 liris
192 2698 366 2760 consulturos
383 2695 443 2778 spes
459 2699 540 2774 erat]
555 2698 639 2759 simul
651 2701 717 2780 quia
730 2719 797 2779 opes

121 2780 244 2841 militum
262 2782 349 2843 nitatis
362 2783 489 2861 pecunia
501 2778 615 2862 cupidus
632 2799 796 2842 attenuare-
