1982 3614
223 247 289 311 282
373 239 497 312 Aua.
527 241 741 313 Vzcroa

220 363 297 422 orbis
311 361 438 422 Romani
454 361 564 423 duobus
582 364 719 442 quaesita,
739 363 786 443 qui
797 383 893 442 quam-

199 472 202 478 ,
220 445 263 503 vis
284 463 332 522 per
354 443 446 502 Flavii
470 441 595 502 sororem
621 462 738 522 nuptam
762 444 890 513 Licinio,

222 525 342 583 connexi
360 525 432 584 inter
449 521 477 582 se
495 542 596 594 eraut,
615 524 655 582 ob
672 521 792 584 diversos
806 544 891 582 moret

220 623 316 664 tamen
332 604 414 664 anxie
430 606 582 663 triennium
603 624 758 687 congruere
776 605 891 686 quivere.

220 684 299 745 Nam
320 705 356 744 ue
375 685 417 744 illi
435 705 531 764 praeter
546 684 703 745 admodum
726 705 828 768 magna
848 705 892 743 cae·

220 783 278 824 tera
289 707 379 836 ,huic
394 767 584 845 parsimonia,
598 774 624 826 ὅ(
639 787 673 824 ea
686 765 799 846 quidem
810 762 892 848 agres-

221 847 281 917 tis,
307 844 508 906 tantummodb
525 848 623 905 inerat.
648 847 779 927 Denique
799 842 893 908 Cons-

222 928 346 987 tantinus
365 930 479 987 cunelos
496 923 587 986 hostes
605 923 712 986 honore
730 949 762 986 ac
783 924 891 985 fortunis

222 1007 400 1067 manentibus
414 1009 503 1079 texit,
522 1009 701 1086 recepitque,
721 1005 756 1067 eb
770 1010 849 1087 pius,
867 1024 892 1063 ut

223 1089 311 1147 etiam
328 1107 406 1148 vetus
422 1089 657 1167 veterrimumque
675 1086 838 1168 supplicium
852 1107 894 1166 pa·

224 1168 379 1228 tibulorum
395 1177 422 1228 δι
440 1168 565 1228 cruribus
586 1165 785 1251 suffringendis
800 1172 893 1249 primus

217 1253 382 1311 removerit
410 1249 488 1308 Hinc
515 1270 566 1329 pro
593 1249 739 1308 conditore
765 1247 813 1308 seu
837 1248 893 1307 Deo

225 1325 348 1390 habitus.
370 1331 483 1388 Licinio
503 1350 538 1388 ne
559 1326 714 1392 insontium
735 1330 846 1410 quidem
864 1345 891 1386 ac

225 1411 367 1470 nobilium
383 1407 621 1490 Philosophorum
640 1408 732 1470 servili
749 1431 827 1469 more
837 1428 894 1466 cru·

224 1492 313 1550 ciatus
336 1488 459 1550 adhibiti
484 1489 603 1550 modum
627 1488 726 1551 fecere.
752 1492 821 1568 Quo
839 1486 894 1549 saul

223 1573 308 1631 variis
326 1571 426 1650 praeliis
441 1568 522 1651 pulso
533 1618 545 1642 ‚
566 1569 629 1631 ctlm
648 1568 720 1632 eum'
734 1572 840 1651 prorsus
854 1588 893 1647 op

225 1653 344 1733 primere
359 1651 477 1711 arduum
491 1651 650 1722 videretur,
668 1653 752 1712 simul
764 1649 894 1712 affinitatis
957 1676 958 1693 2

226 1730 317 1815 gratis
336 1735 439 1812 recepti
457 1730 624 1803 consortio,
646 1730 800 1813 adscirique
817 1735 894 1869 impe·

225 1815 269 1874 rio
305 1812 454 1874 Caesarum
487 1835 653 1872 communes
685 1814 766 1872 liberi
793 1814 843 1875 Cri
855 1828 895 1890 pur
957 1854 958 1867 t

227 1892 488 1974 Constantinusque
501 1895 600 1954 Flavio
618 1896 728 1976 geniti,
748 1895 895 1954 Licinianus

225 1974 348 2036 Licinio.
376 1975 465 2053 Quod
491 1975 622 2056 equidem
648 1977 695 2035 vix
724 1974 894 2039 diuturnum,

227 2050 896 2228 ruresurimusuhuug
957 2190 958 2217 ,

227 2214 424 2296 patefasrum.·
441 2218 538 2298 ltaque
572 2216 705 2276 sexennio
736 2216 798 2296 post
829 2231 895 2292 rupta
957 2222 958 2295 f

228 2319 297 2378 pace
316 2297 390 2377 apud
408 2295 536 2357 Thracas
556 2299 682 2357 Licinius
702 2296 796 2377 pulsus
816 2292 894 2358 Chal·
957 2336 958 2339 ,

230 2377 338 2438 cedona
370 2383 516 2439 concessit.
554 2379 600 2438 Ibi
629 2378 666 2438 ad
697 2379 832 2444 auxilium
861 2370 895 2431 sui

230 2459 407 2521 Martiniano
431 2459 467 2520 ad
485 2460 638 2539 Imperium
666 2478 825 2538 cooptato,
851 2447 895 2547 uni

231 2539 371 2620 oppressus
390 2538 436 2602 est.
459 2541 505 2601 Eo
526 2540 615 2600 modo
637 2539 805 2620 Respublica
828 2550 896 2621 umus
957 2538 958 2587 1

230 2623 349 2681 arbitrio
371 2623 431 2704 geri
451 2623 560 2702 coepit,
581 2622 677 2681 liberis
694 2619 838 2682 Caesamm
853 2634 897 2675 no·
957 2642 958 2645 ¹

230 2702 309 2761 mina
335 2701 446 2774 diversa
469 2703 671 2765 retentantibus
692 2724 702 2772 3
729 2718 848 2781 namque
870 2688 896 2750 ei

230 2779 390 2866 tempestate
400 2783 570 2864 ¹Imperatori
581 2782 676 2844 nostro
687 2781 853 2844 Constantio
863 2776 897 2833 in·
