2056 3628
277 219 451 288 LIBER
489 216 591 286 VII.
742 221 782 304 83

117 328 184 393 vird
200 338 283 398 mollis
301 344 354 411 (&
379 338 502 397 Neronis
529 335 702 406 familiaris,
722 343 735 411 )
755 340 786 399 in

119 417 232 496 irnperio
245 419 443 479 documentum
457 415 499 478 sui
516 438 574 477 non
589 417 681 498 pomit
694 416 786 479 osten-

120 496 191 559 dere.
204 499 276 560 Nam
291 499 356 559 crim
374 497 474 560 iisdem
492 499 688 578 temporibus,
714 501 784 580 qui-

119 578 174 637 bus
191 580 410 643 Otho'Galbam
433 578 597 655 occiderat,
624 582 710 639 etiam
728 581 787 639 Vi·

120 659 206 720 tellius
215 661 301 723 factus
315 659 380 722 esset
395 661 648 722 &Germanicianis
660 663 788 721 exerciti-

119 739 172 800 bus
184 743 347 824 Impetator,
361 743 436 802 bello
452 759 547 801 contra
562 762 627 801 eum
641 739 789 824 suscepto,

119 820 183 882 edm
199 825 269 905 apud
284 825 452 884 Bebriacum
470 825 500 883 in
515 821 598 882 Italii
619 822 676 883 levi
692 824 789 903 ptaelio

118 904 206 964 videus
230 903 321 977 esset,
350 907 479 988 ingentes
503 921 599 964 tamen
627 905 721 983 copias
751 903 791 965 ad
862 926 865 931 ·

120 983 222 1044 bellum
235 984 370 1058 haberet,
388 983 486 1065 sponte
503 982 683 1064 semetipsum
703 988 787 1045 occi·
853 979 859 995 '

120 1065 184 1136 dit,
205 1069 359 1147 petentibus
372 1066 509 1126 militibus
523 1110 533 1138 ,
549 1086 585 1126 ne
603 1084 663 1125 tarn
680 1062 739 1125 citd
754 1065 791 1127 de

119 1146 188 1206 belli
206 1147 256 1208 des
270 1169 357 1209 eraret
370 1167 491 1217 eventu,
509 1145 572 1206 crim
595 1147 668 1206 tanti
685 1144 714 1206 se
732 1169 793 1208 non

119 1225 173 1287 else
186 1227 238 1289 dix'
262 1249 313 1299 et,
331 1247 362 1290 ut
374 1247 485 1310 propter
498 1248 563 1288 eum
576 1226 672 1288 Civile
687 1227 796 1291 bellum

119 1328 367 1380 commoveretur,
386 1307 555 1370 'voluntarii
576 1326 668 1368 morte
697 1309 796 1382 obiit,

38 1392 39 1395 ’
122 1392 369 1453 xxxv111.aetatis
387 1412 483 1460 anno,
505 1410 590 1450 xcv.
609 1390 720 1470 imperii
737 1391 793 1452 die.

160 1471 272 1533 XVIII.
294 1473 371 1532 Dein
392 1471 526 1532 Vitellius
548 1472 666 1552 imperio
688 1474 795 1552 potitus

120 1551 180 1624 est,
197 1552 308 1614 familiai
323 1549 462 1613 honorati
478 1554 569 1634 magis
583 1549 669 1633 quim
684 1554 795 1613 nobili:

118 1657 187 1697 uam
204 1654 283 1716 pater
297 1639 355 1714 ejus
369 1655 428 1694 non
442 1631 598 1692 admoddm
611 1633 684 1693 clare
697 1651 797 1706 natus,

117 1735 173 1777 tres
190 1735 286 1776 tamen
308 1714 464 1775 ordinarios
481 1709 596 1798 gesserat
612 1711 801 1775 consulatus:

117 1797 178 1858 Hic
203 1817 268 1856 cum
289 1795 381 1857 multo
410 1794 544 1855 dedecore
568 1796 745 1875 imperauit,
770 1804 801 1855 δι

117 1880 201 1962 gravi
217 1875 325 1938 saevitid
340 1876 499 1947 notabilis,
520 1875 656 1956 praecipue
675 1874 802 1958 ingluvie

118 1969 148 2021 δι
173 1961 328 2021 voracitate
352 1981 360 2015 z
384 1959 487 2098 quide
512 1953 577 2015 edm
599 1954 633 2014 de
662 1953 708 2014 die
730 1952 803 2098 {pepe

116 2058 224 2123 quarto
245 2041 292 2101 vel
317 2040 418 2121 quinto
471 2054 546 2108 ratur
571 2034 705 2118 epulatus.
767 2059 816 2108 ο-Ι

118 2123 233 2182 tissima
246 2120 319 2180 certe
337 2140 417 2179 coena
435 2118 578 2178 memoriae
591 2119 725 2180 mandata
739 2116 801 2191 est,

143 2223 213 2262 uam
233 2204 260 2261 ei
275 2200 411 2261 Vitellius
425 2198 509 2260 frater
524 2196 650 2260 exhibuit
663 2221 674 2270 3
697 2201 727 2259 in
747 2197 804 2293 quai

119 2224 206 2363 super
229 2300 342 2342 caeteros
368 2279 518 2360 sumptus,
545 2277 602 2340 duo
626 2280 717 2340 millia
737 2277 803 2361 prs·

123 2366 224 2434 tium,
247 2362 353 2443 septem
372 2363 469 2424 avium
488 2361 578 2421 millia
600 2360 729 2441 apposita
748 2380 807 2421 tra-

122 2444 237 2506 duntur.
252 2444 312 2504 Hic
332 2440 396 2505 crim
412 2442 523 2504 Neroni
545 2442 646 2502 similis
666 2436 719 2500 else
740 2440 806 2500 vel-

124 2527 188 2596 let,
209 2543 293 2606 atque
308 2524 339 2584 id
352 2522 424 2585 adeo
439 2544 493 2606 prae
506 2520 535 2582 se
547 2520 652 2591 ferret,
675 2537 706 2581 ut
721 2521 808 2580 etiam

123 2603 271 2687 exsequias
289 2604 439 2677 Neronis,
479 2624 520 2665 uae
535 2599 679 2663 humiliter
695 2597 807 2681 sepultae

124 2687 259 2758 fuerant,
279 2684 429 2747 honoraret
443 2626 491 2755 :d
505 2682 677 2766 Vespasiani
692 2681 809 2744 ducibus

118 2765 236 2849 occisus
250 2765 309 2841 est,
329 2766 478 2830 interse&o
492 2762 573 2848 pride¹
584 2765 713 2909 sagino,
733 2762 810 2826 Ves-

657 2867 685 2926 v]
