1972 3624
209 255 275 327 312
326 231 452 304 Aua.
481 231 762 301 Vrcrorrrs

205 354 379 423 restituerer,
400 371 514 434 augeret
533 350 688 410 ordinibus.
702 349 842 430 Namque
860 349 914 412 ad·

205 434 350 517 specimen
371 435 518 516 legionum
544 434 711 491 militarium
724 476 738 501 ,
769 430 895 503 fabros,

205 517 499 600 perpendiculatores,
525 510 717 583 architedios,
745 511 842 594 genus
860 535 894 573 ue

205 602 338 661 cunctum
350 594 588 656 exstruendorum
610 598 750 655 moenium
771 591 822 654 seu
837 536 893 654 de·

206 679 394 740 corandorum
408 679 438 736 in
454 674 583 736 cohortes
599 678 813 736 centuriaverat.
831 675 894 736 Va-

203 761 284 832 rius,
315 759 486 839 multiplex,
517 756 724 828 multiformis,
753 755 790 816 ad
819 759 892 818 vitia

204 860 291 922 atque
308 844 423 901 virtutes
439 841 521 919 quasi
540 839 642 897 arbiter
682 841 800 908 enitus,
826 839 890 898 im-

203 941 301 1017 petum
328 922 429 993 mentis
454 918 580 1000 quodam
605 859 728 979 artificio
756 939 890 1001 regens,

204 1000 525 1087 mgenium'invidum,
551 999 652 1071 triste,
675 998 837 1071 lascivum,
861 1010 890 1062 δι

203 1084 241 1145 ad
257 1083 473 1145 ostentationem
494 1080 537 1142 sui
555 1079 702 1153 insolens,
723 1081 827 1141 callide
845 1099 892 1141 te-

151 1208 176 1233 .,
204 1167 318 1251 gebat,
347 1164 573 1233 continentiam,
603 1160 797 1233 facilitatem,
826 1163 889 1222 cle-

194 1249 340 1308 mentiam
361 1245 516 1316 simulans,
537 1262 689 1326 contraque
706 1243 895 1317 dissimulans,
983 1292 984 1313 r

112 1324 116 1333 ’
157 1348 160 1355 ’
203 1329 332 1390 ardorem
355 1327 451 1411 glotiae
465 1373 477 1397 ,
500 1347 558 1407 quo
576 1326 723 1408 flagrabat.
746 1325 823 1385 Acer
841 1328 892 1386 ni-

204 1411 260 1469 mis
279 1409 316 1469 ad
335 1405 522 1468 lacessendum
540 1409 643 1488 paritet
662 1415 689 1467 δ(
712 1403 891 1485 responden-

203 1486 272 1549 dum
288 1488 385 1561 seriis,
403 1494 491 1569 joco,
511 1487 689 1557 maledistis,
705 1486 807 1547 referre
825 1510 906 1563 cars

203 1592 270 1631 men
290 1572 432 1642 carmini,
456 1571 563 1629 didlum
583 1569 694 1641 didiui,
722 1567 834 1649 prorsus
858 1591 892 1631 ut
983 1600 984 1621 r

202 1652 370 1713 meditatum
396 1651 517 1711 crederes
538 1649 665 1711 adversus
687 1652 796 1710 omnia.
822 1650 893 1712 Hu-
983 1664 984 1685 ¹

201 1739 245 1815 jus
272 1755 341 1793 uxor
370 1733 499 1805 Sabina,
533 1731 602 1792 dum
627 1732 713 1813 prope
740 1730 892 1796 servilibus
983 1744 984 1751 ’

202 1817 310 1895 injuriis
329 1815 470 1886 afficitur,
493 1812 529 1874 ad
550 1833 669 1874 mortem
691 1814 888 1879 voluntariam

203 1896 359 1976 compulsa.
401 1896 473 1973 Quae
511 1893 605 1975 palam
638 1896 794 1973 jactabat,
825 1894 889 1968 se,

202 1976 280 2058 qudd
300 1978 426 2039 immane
446 1979 593 2060 ingenium
611 1974 800 2056 probavillet,
822 1976 887 2037 ela-

202 2057 309 2119 horarie
333 2105 343 2131 ,
374 2079 411 2119 ne
440 2078 473 2117 ex
497 2079 531 2116 eo
560 2058 597 2118 ad
627 2054 746 2118 humani
774 2061 889 2140 generis

201 2142 354 2220 perniciem
378 2139 577 2223 gravidaretur.
602 2137 661 2198 Hic
683 2138 786 2199 morbo
814 2137 884 2202 sub-

202 2240 321 2282 cutaneo
341 2266 353 2291 ,
376 2242 461 2302 quem
488 2220 537 2280 diu
561 2219 674 2302 placidie
703 2221 885 2301 pertulerat,

201 2305 311 2375 vidus,
331 2302 429 2362 dolote
442 2301 563 2373 ardens,
580 2301 808 2384 impatiensque,
826 2303 889 2383 plu·

142 2410 146 2423 ¹
202 2406 246 2447 res
269 2386 285 2445 d
308 2385 412 2446 Senatu
435 2382 573 2443 exstinxit.
600 2383 629 2444 A
651 2384 766 2466 regibus
787 2384 886 2443 multis

222 2488 270 2527 ace
285 2468 405 2527 occultis
420 2466 581 2525 muneribus
599 2465 768 2544 impetrati,
788 2468 885 2543 jacta-

201 2487 251 2611 lar
273 2545 367 2629 palam
381 2547 475 2620 ,Plus
493 2543 521 2605 se
540 2549 602 2606 otio
619 2545 775 2626 adeptum,
796 2543 886 2627 quim

201 2632 288 2691 armis
315 2649 435 2691 ceteros.
462 2627 567 2692 Officia
592 2626 658 2687 sane
685 2628 827 2707 publica,
857 2637 887 2688 δι

202 2710 348 2790 palatina,
368 2721 492 2772 nec'non
509 2708 616 2769 militiae
634 2710 663 2768 in
679 2729 743 2768 eam
757 2706 887 2768 formam

203 2788 297 2855 statuit
310 2837 319 2864 ,
334 2814 395 2874 quae
414 2794 509 2874 paucis
527 2788 579 2872 ¹pet
589 2786 811 2855 Constantinum
829 2792 890 2851 im·

770 2891 892 2933 mutatis
