1982 3614
259 229 327 301 218
410 224 786 297 Aua.Vrca·01t

257 351 301 429 pis
323 340 474 428 'Philippiis
501 346 619 417 vidus,
645 345 772 413 Stratoni
801 347 920 407 cervicem

258 429 382 517 praebuit.

262 577 270 583 „
299 504 497 568 LXXXIII.
519 506 608 568 Caius
640 505 758 568 Cassius
790 509 921 592 Longinus

259 587 379 672 quaestor
403 588 500 649 Crassi
522 591 552 648 in
572 585 653 668 Syriai
676 586 752 660 fuit,
778 588 839 670 post
857 594 922 668 cujus

259 670 384 747 caedem,
400 669 523 728 corlenis
538 669 661 750 reliquiis
675 670 705 728 in
718 671 827 749 Syriam
842 670 920 730 rediit.

259 748 562 831 Osacemnraefestum
578 751 686 832 regium
705 750 781 830 apud
795 751 923 812 Orontem

258 828 376 893 fluvium
398 829 551 911 superavit.
584 829 661 890 Dein
692 829 771 915 qubd
801 833 924 912 coemptis

259 913 380 994 Syriacis
397 911 534 971 mercibus
553 909 708 971 foedissime
728 933 764 970 ne
786 915 924 983 otiaretur,

212 1030 214 1039 ·
259 984 388 1074 Carybta
407 985 624 1076 cognominatus
645 990 692 1052 est.
711 933 855 1054 Tribunus
875 993 926 1074 ple·

257 1075 303 1135 bis
316 1072 456 1136 Caesarem
469 1074 653 1212 opfugnavit.
667 1073 746 1133 Bello
760 1077 836 1134 civili
848 1075 927 1134 Pom-

228 1202 231 1205 .
259 1156 353 1238 'peium
371 1152 477 1238 secutus
493 1155 574 1213 cassi
589 1151 707 1234 praefirit.
720 1156 748 1216 A
762 1154 874 1217 Caesare
888 1176 926 1216 ue·

260 1239 338 1297 niam
355 1238 481 1315 accepit,
499 1253 595 1294 tamen
609 1233 738 1295 advertiis
755 1256 820 1296 eum
837 1242 926 1315 conju·

259 1318 376 1377 ‘rationis
391 1319 487 1376 audior
500 1336 564 1375 cum
578 1316 664 1376 Bruto
680 1314 756 1387 fuit,
776 1326 804 1377 &
818 1321 848 1378 in
862 1316 926 1377 caede
974 1366 975 1379 ,

259 1398 401 1471 dubitanti
419 1397 553 1466 cuidam,
574 1395 632 1457 Vel
650 1417 698 1477 per
723 1417 794 1467 me,
819 1400 926 1479 inquit,

259 1478 337 1548 feri3
362 1497 523 1576 magnoque
549 1479 670 1537 exercitu
693 1498 879 1560 comparato,
899 1481 925 1538 in

258 1558 432 1619 Macedonia
457 1557 544 1617 Bruto
577 1561 739 1637 coniunctus
765 1561 796 1618 in
828 1560 926 1639 campis

257 1636 405 1719 Philippiis
429 1639 466 1697 ab
487 1639 615 1698 Antonio
639 1640 750 1711 vistus,
775 1636 924 1700 crimem·

258 1721 324 1781 dem
337 1718 481 1779 fortunam
491 1719 570 1779 Bruti
582 1738 710 1799 putatet,
732 1721 782 1800 qui
792 1719 926 1782 Caesartm

256 1805 381 1873 vicerat,
399 1799 524 1861 Pindaro
540 1799 643 1879 liberto
661 1801 790 1883 jugulum
807 1802 925 1882 prabuit.

256 1883 349 1962 Cujus
366 1902 456 1942 morte
474 1877 592 1953 auditi,
613 1881 756 1943 Antonius
771 1879 926 1944 exclambffe

254 1965 356 2025 dicitur
369 2009 379 2035 ,
393 1963 471 2022 Vici.
659 2005 662 2009 .

261 2042 265 2049 ’
296 2040 464 2113 LXXXIV.
486 2042 583 2104 Sextus
604 2043 754 2125 Pompeius
776 2044 806 2103 in
823 2041 924 2124 Hispa-

255 2123 305 2203 nia
324 2123 398 2205 apud
415 2123 557 2184 Mundam
573 2125 686 2195 vidius,
710 2122 808 2185 amiffo
827 2124 925 2196 franc,

174 2256 177 2265 Δ
254 2207 378 2288 reliquiis
403 2202 537 2264 exercitiis
551 2204 705 2277 colludiis,
727 2207 854 2266 Siciliam
875 2227 924 2286 pe-

254 2290 326 2357 tiit,
353 2285 402 2346 ubi
432 2287 518 2368 ruptis
540 2284 683 2368 ergastulis
709 2307 785 2346 mare
810 2285 925 2348 obsedit.

252 2369 415 2449 Interceptis
432 2367 636 2426 commeatibus
658 2367 771 2428 Itaiiam
794 2371 926 2439 vexavit3

253 2460 282 2515 &
295 2449 358 2511 cum
376 2451 450 2509 mari
467 2447 584 2507 feliciter
598 2467 741 2518 uteretur,
763 2449 887 2528 Neptuni
900 2445 927 2507 se

252 2526 343 2593 filium
367 2526 503 2590 confeffus
531 2525 597 2598 est,
622 2549 742 2610 eumque
764 2531 856 2590 bobus
875 2550 926 2590 au·

252 2617 319 2674 ratis
335 2622 363 2672 &
379 2632 451 2694 equo
470 2611 599 2690 placavit.
619 2609 692 2668 Pace
712 2610 789 2670 facti
805 2611 927 2693 epulatus

254 2697 285 2753 in
302 2695 369 2753 navi
388 2713 452 2752 cum
471 2690 599 2750 Antonio
614 2690 765 2751 &Caesare
780 2714 840 2769 non
855 2694 930 2751 inve·

254 2772 336 2840 nustb
357 2770 423 2833 ait:
444 2771 498 2833 Hae
528 2768 592 2830 sunt
617 2791 686 2832 meat
710 2776 832 2844 carinae,
864 2776 930 2857 quia
