1972 3624
240 278 307 358 316
363 269 486 342 Aur.
514 272 792 344 Vrcronrs

236 388 329 460 stem,
354 391 442 451 multa
464 411 630 452 ornamenta
676 410 851 463 emmamm3
871 413 900 453 ae

155 469 158 474 ’
236 491 286 610 per
313 472 382 533 duos
407 474 555 533 continuos
579 414 688 534 mengs
709 474 832 534 venditio
852 470 899 533 ha-

257 555 297 612 ita
315 549 374 624 est,
396 553 572 633 multumque
591 557 650 614 auri
671 546 821 614 sedatium.
845 550 901 613 Post

235 634 387 692 vidioriam
408 653 505 693 tamen
528 634 702 713 emptoribus
724 637 811 715 pretia
829 630 901 693 resti·

237 714 313 782 tuit}
337 714 387 793 qui
412 712 526 772 reddere
551 730 715 793 comparata
742 716 901 783 voluemnt,

236 789 368 852 molestus
388 793 459 853 nulli
472 792 550 863 fuit,
574 795 625 875 qui
641 795 740 853 maluit
760 793 842 854 semel
854 816 903 854 em·

235 891 285 952 pra
306 874 434 933 retinere.
462 874 554 952 Hujus
579 893 703 953 tempore
722 874 836 936 Cassius
859 894 902 955 ty·

169 976 170 979 ’
237 953 385 1013 rannidem
411 955 574 1034 arripiens,
604 952 752 1014 exstinctus
777 954 823 1016 est.
850 952 902 1035 Ipse

236 1037 301 1093 virae
325 1055 402 1094 anno
432 1035 670 1117 quinquagesimo
701 1057 811 1107 nono,
839 1033 904 1115 apud

236 1113 445 1175 Vindobonam
468 1116 571 1174 morbo
598 1114 778 1196 consumptus
799 1113 845 1175 est.
866 1115 904 1176 De

238 1200 296 1272 eius
314 1214 404 1255 morte
419 1198 523 1255 nuncio
536 1195 662 1255 Romam
675 1200 826 1275 pervedio,
845 1217 905 1255 con·

239 1273 301 1335 fusd
320 1277 396 1337 ludiu
409 1276 522 1356 publico
535 1277 638 1346 Urbe,
661 1275 779 1337 Senatus
797 1274 905 1335 incurii

238 1354 313 1414 veste
333 1355 406 1416 tetri
428 1358 570 1426 emidius,
594 1358 754 1436 lacrymans
775 1359 905 1417 convenit.

238 1434 278 1496 Et
298 1436 375 1516 quod
399 1436 434 1496 de
454 1435 580 1496 Romulo
601 1438 674 1519 aegrd
700 1436 834 1497 creditum
852 1435 906 1508 est,

238 1524 338 1576 omnes
359 1520 419 1596 pari
440 1514 521 1576 sensu
549 1515 804 1598 praesumserunt,
829 1518 905 1577 Mar-
967 1592 968 1595 Ἴ

238 1618 304 1655 curn
322 1599 394 1657 coelo
410 1613 550 1676 receptum
570 1594 632 1657 elle.
659 1539 709 1658 (gb
724 1603 803 1677 cujus
820 1595 905 1657 hono·
967 1618 968 1669 g

239 1698 299 1736 rem
316 1678 441 1759 templa,
463 1679 619 1749 columnae,
631 1679 777 1759 multaque
787 1678 842 1738 alia
860 1678 905 1737 de·
967 1672 968 1721 l

238 1778 313 1818 creta
334 1757 406 1818 sunt.

279 1839 377 1899 XVII.
399 1838 527 1899 Aurelius
546 1838 729 1901 Commodus
745 1839 839 1900 Marci
854 1839 906 1901 An·

240 1921 333 1980 tonini
361 1918 458 1989 filius,
484 1922 646 1981 Antoninus
670 1930 698 1981 &
721 1919 780 2001 ipse
805 1922 906 1990 didius,

239 2002 388 2078 imperavit
404 2022 493 2061 annos
510 1999 652 2060 tredecim.
677 2001 734 2061 Hic
757 2003 846 2081 qualis
864 2000 905 2060 fu-

240 2098 317 2140 rurus
340 2077 428 2152 effer,
460 2084 490 2141 in
512 2079 573 2162 ipso
602 2081 760 2161 primordio
788 2080 905 2141 ostendis

239 2158 319 2221 Nam
342 2158 405 2220 crim
429 2163 459 2221 iu
485 2159 619 2241 supremis
644 2180 805 2222 moneretur
825 2161 841 2221 i
858 2183 905 2242 pa·
966 2152 967 2173 ¹

239 2260 344 2310 rente,
366 2243 474 2317 attritos
490 2246 549 2320 jam
565 2242 698 2302 barbaros
720 2263 756 2301 ne
768 2244 907 2322 permitte·

239 2340 282 2381 ret
295 2323 367 2380 vires
379 2324 519 2401 recipere,
534 2320 698 2403 respondit,
717 2323 766 2382 Ab
782 2322 909 2381 incolumi
965 2390 966 2399 χ

240 2405 370 2485 quamvis
389 2403 524 2481 paulatim
538 2406 652 2485 negotia
671 2401 766 2482 perfici
783 2400 855 2482 polle
870 2399 910 2473 ,i

241 2503 355 2544 mortuo
374 2479 454 2542 nihll.
468 2482 573 2542 Saevior
591 2484 723 2543 omnibus
740 2482 856 2542 libidine
871 2500 911 2541 at·
965 2504 966 2529 1

241 2586 295 2645 que
309 2561 447 2632 avarirffi,
469 2562 628 2622 crudelitate
643 2587 649 2621 ε
663 2563 733 2622 nulli
747 2561 840 2633 fidus,
857 2582 910 2622 ma·

240 2643 339 2726 gisque
352 2648 382 2704 in
396 2665 443 2703 eos
457 2661 538 2702 atrox
551 2688 561 2714 ,
581 2664 653 2724 quos
669 2644 846 2723 amplissimis
865 2640 911 2701 ho·

240 2726 356 2784 notibus
376 2721 512 2804 donisque
536 2725 697 2805 ingentibus
717 2725 862 2784 extulerat.
882 2721 910 2783 ln

241 2821 351 2865 tanturn
362 2805 542 2888 depravatus,
554 2824 583 2863 ut
593 2803 770 2888 gladiatoriis
779 2807 861 2869 armis
870 2801 911 2864 la·
