1982 3614
249 261 320 321 266
391 252 764 328 AumVrcrou

247 394 318 456 quos
341 371 506 434 diuturnitas
523 375 609 434 nimis
628 375 737 437 validos
751 423 762 445 ‚
785 397 818 436 ac
834 373 915 456 propl

245 455 353 515 incolas
374 451 528 527 effecerat,
553 454 696 536 proditum
719 478 753 517 ex
773 457 848 517 libris
867 458 912 517 Si-

246 535 360 616 byllinis
385 533 424 594 est
436 580 446 607 ,
474 537 598 616 primum
624 536 731 598 ordinis
758 539 914 619 amplissimi

243 617 367 676 victorie
387 615 558 677 vovendum.
582 616 716 700 Cumque
736 619 782 691 is,
804 621 850 701 qui
867 615 915 679 elle

241 696 410 768 videbatur,
429 696 518 757 lemet
535 695 700 769 obtulisset,
715 697 771 758 sibi
787 697 874 779 potiris
888 699 914 760 id

241 779 364 838 muneris
396 798 555 859 competere
582 778 727 851 ostendit,
754 782 803 861 qui
828 778 914 840 reveri

241 852 361 919 Senarirs
380 878 464 938 atque
487 861 617 931 omnium
638 862 766 940 princeps
787 881 852 920 etat.
874 861 913 922 Ita

239 941 320 1000 nullo
334 938 467 1001 exercitiis
481 939 650 1000 detrimento
665 939 720 1000 fusi
730 941 842 1001 Barbari
855 939 913 1000 sub-

241 1023 392 1104 motique,
412 1018 561 1103 postquam
575 1021 731 1161 Imperator
748 1023 836 1082 vitam
852 1022 912 1081 Rei·

239 1102 359 1184 publice
377 1102 455 1162 dono
482 1102 560 1162 dedit
574 1125 582 1160 ε
598 1125 616 1162 a
637 1124 671 1161 eo
690 1103 773 1162 bonis
791 1100 861 1163 salus
876 1103 909 1161 ci·

239 1186 319 1245 vium
337 1204 370 1243 ac
389 1186 477 1266 longa
492 1180 536 1244 sui
552 1185 691 1244 memoria
709 1185 814 1254 cariora
833 1181 908 1254 sunt,

239 1286 302 1347 quae
320 1286 380 1324 non
394 1263 498 1404 plotius
516 1263 628 1336 modb,
648 1262 746 1325 vestim
766 1268 848 1324 etiam
863 1284 905 1323 ra-

239 1350 318 1406 tione
357 1366 393 1405 ua
414 1366 461 1405 am
485 1343 659 1426 posterorum
681 1344 809 1405 felicitati
825 1342 904 1424 proli·

239 1428 326 1487 ciunt.
378 1447 413 1484 oc
426 1425 567 1508 siquidem
583 1424 767 1488 Constantius
781 1434 808 1486 δι
821 1422 906 1486 cons-

237 1508 384 1577 tantinus,
405 1526 489 1588 atque
509 1508 695 1587 Imperatores
713 1504 823 1566 nostri.
844 1550 852 1565 .
871 1550 877 1566 .
897 1549 904 1564 .

157 1624 161 1633 =
239 1632 368 1650 .....
390 1582 573 1668 coiporilque
593 1590 734 1667 acceptior
753 1586 903 1655 militibus,

235 1669 420 1751 praemiorum
440 1665 512 1748 spe,
533 1666 582 1728 seu
603 1667 732 1729 lasciviae.
753 1668 821 1745 Quo
840 1687 902 1750 agra

141 1756 149 1765 ’
235 1747 414 1831 asperiorque
434 1751 554 1811 vidioria
577 1748 632 1809 fuit
649 1794 661 1818 ,
682 1747 776 1819 dum,
795 1749 834 1808 uti
850 1767 902 1806 mos

236 1829 354 1891 subditis
376 1849 464 1900 erat,
496 1829 588 1890 studio
611 1830 727 1910 impune
750 1827 901 1910 peccandi,
965 1842 966 1857 ³

235 1909 346 1972 remilla
359 1910 481 1992 Imperia
496 1914 652 1993 promptius
665 1911 753 1993 quim
766 1909 842 1971 utilia
854 1908 898 1968 de·
963 1908 965 1965 φ

232 1993 417 2134 fenllilllV.
439 2070 582 2135 Caeterdm
603 2072 771 2133 Aurelianus
794 2065 899 2131 succeffu

119 2213 123 2222 ,
233 2170 313 2215 tanto
332 2151 550 2227 vehementior,
575 2153 724 2214 confestim
743 2154 822 2235 quasi
841 2151 898 2208 belli
956 2190 959 2247 l

231 2235 357 2317 reliquiae
377 2231 566 2315 superellent,
589 2237 620 2295 in
639 2232 736 2296 Persas
760 2226 897 2316 progrellus

232 2314 281 2378 est.
300 2315 374 2394 Quis
390 2314 510 2386 deletis,
532 2315 646 2376 Italiam
664 2317 814 2395 repetivit,
831 2316 897 2391 cujus

232 2399 313 2458 urbes
332 2398 558 2458 Alamannorum
578 2395 774 2457 vexationibus
794 2393 893 2475 afflige-

232 2478 356 2549 bantur,
382 2479 467 2538 simul
485 2478 636 2539 Germanis
661 2476 759 2537 Gallici
777 2475 894 2535 demotis.

229 2558 361 2631 Tetrici,
380 2558 414 2619 de
433 2580 490 2641 quo
507 2556 588 2639 supra
605 2558 894 2625 commemoravimus,

230 2640 305 2702 caesae
323 2641 470 2724 legiones,
490 2639 632 2719 proditore
648 2636 711 2719 ipso
731 2638 808 2698 duce.
826 2636 894 2696 Nam

228 2718 357 2781 Tetricus
371 2767 381 2791 ,
405 2719 468 2780 crim
481 2718 604 2780 Faustini
616 2719 742 2779 Praesidis
763 2718 828 2777 dolo
844 2735 896 2774 cor·

230 2802 316 2882 ruptis
327 2801 466 2862 militibus
476 2802 639 2883 plerumque
672 2818 808 2879 peteretur
818 2842 828 2870 ,
837 2798 891 2857 Au·
