2010 3616
229 210 366 279 Onroo
387 208 550 276 Grurts
566 205 673 277 Rom.
729 227 791 300 155

111 329 213 393 tatibus
230 349 319 414 regno
332 321 508 409 pratuliiset,
528 326 660 401 Amulius
676 347 795 410 regnum

111 411 244 471 obtinuit.
274 408 364 487 Quod
385 429 416 468 ut
438 405 598 469 firmissimb
615 409 795 490 possideret,

111 493 272 555 Numitoris
299 488 390 552 fratris
419 486 461 549 sui
486 488 576 550 silium
605 491 635 549 in
663 491 795 552 venando

113 572 331 634 interimendum
348 574 462 632 curauit.
479 571 557 631 Tum
576 574 662 631 etiam
682 569 795 634 Rheam

112 655 232 716 silviam
261 659 320 735 ejus
350 651 475 713 sororem
503 651 676 712 sacerdotem
702 652 795 715 Vestae

113 734 173 796 sieri
190 738 293 817 jussit,
314 734 446 795 simulato
461 732 598 815 somnio,
616 755 674 816 quo
692 734 796 809 admo-

113 820 186 878 nitus
212 817 250 876 ab
276 815 376 876 eidem
395 813 460 876 Det
482 812 567 887 esset,
592 833 623 875 ut
637 813 668 874 id
686 813 795 887 fietet3

113 894 225 971 cdmre
247 896 313 957 veri
335 899 374 956 ita
391 895 552 957 faciendum
575 897 629 956 sibi
652 895 796 958 existima-

113 997 176 1050 ret,
202 975 390 1060 periculosum
415 977 542 1049 ducens,
567 979 684 1059 nequis
706 1000 739 1038 ex
762 977 796 1053 εἰ

112 1059 292 1129 nasceretur,
315 1058 365 1141 qui
387 1060 475 1119 avitas
501 1056 705 1139 persequeretur
720 1062 796 1139 inju·
834 1056 837 1061 ’

112 1142 191 1213 rias,
212 1158 244 1199 ut
260 1137 356 1200 scribit
371 1140 503 1199 Valerius
520 1139 621 1199 Antias
640 1139 690 1200 lib.
712 1161 734 1200 1.
755 1143 796 1202 At

113 1219 180 1282 verb
198 1222 313 1281 Marcus
334 1221 493 1291 oslavius,
513 1229 541 1280 δι
558 1221 684 1280 Licinius
696 1221 796 1283 Macer

113 1302 227 1362 tradunt
251 1303 400 1363 Amulium
431 1321 560 1381 patruum
588 1298 674 1362 Rheae
700 1301 794 1381 sacer·

115 1383 217 1454 dotis,
239 1403 337 1443 amore
359 1388 416 1462 ejus
439 1402 551 1463 captum
566 1429 578 1452 ,
601 1382 701 1442 nubilo
723 1385 795 1444 coelo

113 1463 291 1545 obscutoque
312 1472 396 1535 aste,
418 1460 481 1523 crim
496 1460 619 1544 primum
638 1463 796 1535 illucescere

114 1542 262 1626 coepisset,
291 1542 424 1605 intusum
445 1543 587 1604 sacrorum
611 1564 715 1627 aquam
740 1567 793 1626 pe-

114 1629 186 1686 tenti
200 1625 386 1698 insidiatum,
407 1627 437 1685 in
456 1627 520 1686 luco
536 1626 638 1687 Martis
654 1625 797 1706 compres-

114 1704 176 1767 sisse
197 1727 282 1778 eam,
303 1724 365 1767 tum
383 1710 486 1768 exasiis
505 1707 646 1767 mensibus
665 1708 796 1792 geminos

114 1787 216 1848 editos.
247 1788 335 1864 Quod
360 1787 424 1848 crim
453 1784 656 1868 comperisset,
686 1787 796 1849 cela'ndi
887 1778 895 1795 ⁶

115 1867 186 1929 sadi
213 1867 305 2009 qratia
329 1889 377 1950 per
406 1867 493 1929 scelus
522 1870 676 1948 concepti,
703 1872 797 1929 necari

112 1951 195 2029 jussit
232 1949 415 2022 acerdotem,·
439 1970 549 2030 partum
576 1949 631 2008 sibi
647 1947 795 2009 exhiberi:

113 2030 250 2111 Tumque
263 2030 446 2091 Numitorem
460 2029 507 2112 spe
521 2030 678 2103 futurorum
687 2078 699 2102 ,
718 2030 797 2112 qubd

114 2109 171 2184 hi,
206 2112 229 2171 si
257 2109 462 2184 adolevissent,
487 2113 651 2192 injuriarum
683 2110 797 2189 suatum

114 2192 289 2275 quandoque
308 2196 411 2254 nitores
430 2189 637 2274 futuricssent,
659 2193 730 2253 alios
746 2216 798 2275 pro

115 2274 156 2333 eis
174 2271 324 2334 subdidisse
334 2272 346 2347 ,'
366 2272 486 2356 illosque
505 2271 569 2334 suos
585 2294 666 2337 veros
684 2294 799 2359 nepotes

114 2353 260 2495 Fausqulo
279 2353 422 2437 pastorum
446 2354 580 2440 magistro
607 2351 710 2415 dedisse
728 2377 796 2431 nu-

114 2455 187 2496 trren
209 2458 250 2497 os.
713 2450 718 2457 '

157 2517 230 2576 XX.
253 2515 293 2577 At
313 2515 381 2578 verb
406 2518 510 2577 Fabius
529 2511 629 2577 Pistot'
649 2517 699 2576 lib.
722 2537 744 2580 ι.
772 2517 798 2576 u

113 2598 287 2659 Vennonius
301 2596 384 2657 solito
399 2588 579 2680 institutoque
593 2590 725 2681 egressam
741 2599 798 2679 uir-

113 2680 237 2763 ginem,
258 2680 287 2738 in
304 2677 385 2739 usu'm
402 2678 541 2740 sacrorum
560 2699 663 2761 aquam
680 2681 797 2759 petitum

111 2780 150 2821 ex
178 2780 215 2821 eo
241 2757 342 2833 fonte,
361 2763 411 2842 qui
435 2780 493 2823 erat
519 2763 550 2824 in
573 2762 639 2904 lug>
664 2760 799 2857 Martis,

299 2861 301 2865 ,
650 2863 678 2922 VJ
