1982 3614
218 230 286 279 nn
317 214 653 282 carantana.
705 234 769 303 253

96 329 228 390 Bassiano
250 333 386 414 genitus,
413 334 462 412 qui
481 350 557 412 patre
580 352 722 403 mortuo,
746 337 777 393 in

96 411 171 470 Solis
201 409 416 481 sacerdotium,
442 433 527 493 quern
554 413 775 496 Heliogabalum

97 491 160 572 Syri
177 506 305 561 vocant,
327 512 462 574 tanquam
479 491 588 573 asylum
611 495 776 555 insidiarum

98 593 175 631 metu
204 573 399 656 confugerat,
426 571 547 654 hincque
573 575 778 658 Heliogabalus

98 651 189 712 didus
209 676 219 724 3
246 657 430 735 transsatoque
453 654 577 713 Romam
600 656 657 716 Dei
685 660 776 716 simu-

98 733 177 814 lacro
212 736 242 794 in
277 736 373 814 palatii
403 735 588 815 penetralibus
623 737 775 816 [palatia]
850 762 853 770 ·

99 813 252 875 constituit.
269 816 336 875 Hoc
354 819 487 896 impurius
505 837 542 874 ne
560 818 694 897 improbae
714 821 778 899 qui·

54 893 58 904 ’
100 896 168 955 dem
185 915 234 955 aut
252 897 407 977 petulantes
427 897 554 963 mulieres
575 897 676 977 sudre3
696 902 780 980 quip-

65 1020 68 1024 »
99 997 134 1056 pe
157 978 228 1035 orbe
247 997 309 1037 toto
331 976 557 1038 obscoenissimos
577 981 779 1060 perquirebat,

13 1090 17 1097 ·
98 1055 222 1117 visendis
240 1057 426 1119 tractandisve
444 1060 548 1118 artibus
567 1060 717 1120 libidinum
736 1060 780 1118 fe-

100 1138 260 1198 rendarum.
283 1140 352 1199 Haec
374 1138 439 1198 edm
462 1148 629 1220 augerentur
649 1143 679 1200 in
700 1142 779 1213 dies,
857 1204 861 1213 ,

100 1240 133 1277 ac
147 1223 240 1301 magis
253 1219 399 1304 magisque
412 1219 583 1290 Alexandri,
600 1242 685 1300 quem
703 1242 781 1281 com-

100 1299 180 1379 perrd
197 1301 289 1381 Opilii
306 1321 374 1359 nece
392 1298 533 1360 Caesarem
551 1301 684 1361 nobilitas
701 1324 778 1362 nuu-

102 1400 276 1461 cupaverat,
303 1402 383 1440 amor
406 1383 617 1453 cumularetur,
635 1385 666 1442 in
688 1382 780 1444 castris

101 1461 240 1523 Praetoriis
259 1466 402 1523 tricesimo
422 1466 501 1545 reg-ni
524 1461 619 1523 mense
642 1463 781 1545 oppressus

102 1541 148 1604 esb

141 1624 275 1686 XXIV.
297 1626 454 1707 Statimque
478 1626 593 1686 Aurelio
617 1625 780 1687 Alexandro

100 1705 186 1785 Syriae
199 1726 286 1776 orto,
302 1711 346 1767 cui
364 1708 486 1788 duplex,
505 1706 652 1779 Caesarea,
667 1717 694 1768 &
708 1708 782 1768 Arca

100 1807 207 1846 nomen
221 1786 280 1856 est,
295 1789 430 1848 militibus
444 1809 557 1868 quoque
572 1789 780 1860 annitentibus,

101 1866 222 1949 Augusti
239 1873 363 1948 potentia
384 1868 484 1928 delata.
506 1869 595 1945 Qui,
618 1889 781 1949 quanquam

102 1947 287 2020 adolescens,
307 1953 423 2032 ingenio
447 1946 527 2028 supra
548 1970 638 2008 aevum
658 1968 781 2020 tamen,

28 2074 33 2083 .
102 2028 252 2109 confestim
271 2048 403 2110 apparatu
425 2050 532 2115 magno
552 2029 658 2088 bellum
682 2030 783 2090 adver-

101 2110 163 2170 stim
176 2110 298 2171 Xerxem
312 2109 458 2171 Persarum
477 2132 506 2169 re
528 2130 573 2169 em
587 2130 704 2183 movet3
724 2133 782 2192 quo

103 2189 166 2251 fuso
196 2191 350 2285 fugatoque
374 2239 384 2264 ‚
412 2195 441 2251 in
465 2192 493 2252 G
522 2192 590 2251 liam
615 2193 782 2252 maturrime

55 2344 59 2351 f
101 2273 249 2332 contendrt
264 2320 276 2344 ,
298 2295 360 2354 quae
383 2274 591 2335 Germanorum
613 2272 781 2353 direptioni-

103 2355 154 2414 bus
173 2355 340 2414 tentabatur.
359 2355 404 2414 Ibi
420 2355 618 2414 tumultuantes
635 2354 782 2437 legionum

103 2433 249 2516 plerasque
269 2434 488 2495 constantissime
510 2435 634 2512 abjecit,
654 2434 732 2514 quod
751 2437 782 2493 in

104 2514 224 2595 praesens
243 2517 359 2599 gloriae,
380 2538 448 2576 mox
467 2517 552 2574 exitio
571 2512 678 2573 datum.
701 2514 783 2581 Nam

102 2595 173 2656 dum
195 2616 278 2657 tantae
300 2595 450 2657 severitatis
468 2599 528 2656 vim
551 2594 654 2654 milites
675 2593 782 2655 inhor-.

103 2676 230 2750 rescunt,
243 2679 338 2750 (unde
356 2679 441 2738 etiam
455 2672 550 2738 Severi
560 2696 782 2758 cognomentum

101 2755 272 2835 accesserat)
287 2777 420 2844 agentem
438 2758 503 2820 casu
521 2778 586 2819 curn
602 2761 697 2839 paucis
716 2762 784 2821 vice
