2010 3616
301 218 484 287 LIBER
521 212 595 285 IX.
726 240 792 308 ¹07
860 272 863 275 .

100 339 227 422 publicat
247 339 371 398 accessit.
391 337 501 399 Gallias
525 334 542 395 lt
562 335 688 397 barbaris
709 359 796 399 occu-

102 442 188 502 patas
208 421 319 502 ingenti
341 420 498 499 praeliorum
512 417 647 479 felicitate
665 416 796 485 restituit.

101 499 262 578 Quosdam
293 502 444 579 imperium
478 497 608 578 usurpare
643 518 795 574 conatos,

106 581 216 643 scilicet
236 582 417 642 Saturninum
433 583 462 640 in
481 581 624 652 Oriente,
640 582 794 643 Proculum

107 661 307 724 &Bonosum
330 664 516 746 Agrippinae,
538 664 634 722 multis
657 667 792 724 certanii-

108 745 196 805 mlaus
214 745 358 824 oppressit.
383 744 491 803 Vincas
509 743 611 804 Gallos
634 752 661 804 δι
681 745 796 806 Panno·

111 828 177 886 nios
200 823 304 885 habere
327 827 460 905 permisit.
483 822 578 904 Opere
598 825 714 885 militati
736 828 794 887 Al-

108 928 194 971 mam
209 923 338 984 montem
359 906 433 986 apud
450 906 604 976 Sirmium,
623 914 650 967 δι
670 909 796 973 Aureum

112 988 192 1067 apud
203 988 337 1047 Moesiam
352 984 520 1067 superiorem
536 988 626 1047 vineis
641 987 796 1061 conseruit,

114 1077 144 1130 δι
164 1068 382 1148 provincialibus
401 1066 533 1128 colendas
548 1068 635 1128 dedit.
651 1069 709 1128 Hic
732 1069 796 1131 cum

114 1150 192 1209 bella
225 1152 371 1210 innumera
405 1144 551 1233 gessisset,
575 1169 645 1230 pace
695 1149 798 1224 arieti,
834 1163 841 1168 '

112 1230 207 1301 dixit,
222 1231 300 1292 brevi
312 1232 415 1290 milites
427 1227 585 1303 neeeffarios
596 1252 650 1289 non
659 1170 772 1308 diturus
785 1256 796 1292 .·

112 1314 158 1372 vit
174 1332 258 1382 acer,
277 1309 420 1383 ſtrenuus,
438 1308 543 1390 justus,
563 1318 590 1371 δι
609 1312 659 1392 qui
671 1312 799 1374 Aurelia·

114 1414 186 1453 num
205 1412 327 1474 aequaret
366 1390 439 1452 lotii
459 1393 595 1462 militati,
615 1413 726 1471 motum
746 1415 798 1454 au-

114 1493 175 1534 tem
196 1475 330 1534 civilitate
345 1413 492 1553 superaret.
512 1471 676 1535 Interfecius
693 1473 734 1535 est
753 1495 798 1537 ta·

114 1576 183 1624 men
206 1556 331 1626 Sirmii,
360 1554 483 1614 tumultu
508 1554 649 1628 militati,
671 1558 701 1616 in
729 1560 798 1618 turri

115 1635 228 1697 ferrati.
244 1637 397 1717 Imperavit
409 1657 499 1697 anuos
517 1633 563 1696 sex
576 1680 586 1708 ,
599 1635 710 1698 menses
724 1660 798 1721 qua·

114 1737 188 1778 tuor.

157 1799 272 1859 XVIII.
290 1796 356 1859 Post
372 1796 445 1858 hunc
466 1797 557 1860 Catus
575 1796 615 1856 est
632 1797 723 1861 fassus
738 1799 799 1861 Au·

116 1879 236 1965 gustus,
263 1880 406 1940 Narbonae
432 1897 515 1938 natus
541 1881 572 1936 in
600 1878 718 1951 Gallie,
749 1884 801 1976 qui

115 1959 268 2021 confestim
284 1962 429 2023 Carinum
449 1968 477 2020 δι
497 1958 706 2021 Numerianum
725 1958 801 2024 filios

119 2041 248 2104 Caesates
264 2041 353 2113 feeit,
374 2062 439 2101 cum
457 2040 559 2122 quibus
576 2044 705 2124 regnavit
726 2043 800 2104 duo·

113 2124 172 2184 bns
203 2126 283 2184 annis
310 2147 318 2182 r
347 2121 396 2184 sed
423 2121 492 2183 dum
522 2120 627 2181 bellum
654 2123 800 2188 adverstlm

116 2205 264 2266 Sarmatas
283 2207 383 2289 gerit,
411 2204 546 2263 nunciato
578 2201 723 2266 Persarum
750 2225 800 2268 tu.

115 2288 231 2357 multu,
250 2286 288 2349 ad
308 2286 456 2346 Orientem
479 2283 641 2364 professus,
660 2307 703 2348 tes
725 2309 800 2348 eon-

112 2387 162 2428 tra
180 2365 278 2428 Persas
287 2368 399 2428 nobiles
432 2366 497 2426 esest
518 2387 525 2421 t
545 2363 620 2445 ipsos
637 2369 733 2448 praelio
753 2367 802 2428 fu·

110 2448 192 2509 'dit't
214 2446 335 2511 Cochen
358 2457 385 2509 δι
409 2386 628 2526 {tesiphontem
648 2450 730 2510 urbes
747 2469 801 2509 no-

118 2529 275 2593 bilissimas
292 2533 389 2611 cepit:
410 2537 438 2589 δι
457 2524 522 2586 edm
541 2525 628 2587 castra
650 2526 731 2609 supra
748 2529 803 2590 Ti-

118 2611 234 2694 gridem
252 2609 388 2681 haberet,
410 2612 475 2670 is'ru
487 2607 578 2668 divini
597 2607 724 2670 fulminis
746 2631 800 2693 pe·

116 2695 176 2753 riit
190 2692 381 2753 Numerianus
392 2710 522 2771 quoque,
537 2687 613 2750 filius
622 2695 701 2770 ejus,
716 2714 802 2774 quem

112 2773 217 2843 secum
231 2775 269 2836 ad
284 2774 381 2838 Persas
398 2771 533 2844 duxerat,
550 2769 711 2936 adolFescvejns
725 2795 804 2861 egre·
