2010 3616
292 235 475 305 isnin
510 237 585 303 IX.
714 259 780 325 ¹09

88 354 124 411 in
156 350 309 434 eonspediu
333 352 467 414 exercitiis
494 376 581 416 manu
607 354 783 417 Diocletiani

90 431 239 513 perculsus
256 434 302 494 est.
321 434 420 495 Postea
434 436 593 508 Carinum,
615 439 697 497 omni
711 438 781 498 odio

91 525 122 575 &
149 514 334 576 detestatione
359 519 526 589 viventem,
547 518 619 598 apud
640 520 780 602 ,Margum

93 597 213 680 ingenti
229 599 324 678 praelio
340 599 428 667 vicit,
448 598 589 679 proditum
607 600 643 659 ab
659 603 781 661 exercitu

93 675 173 750 suo,
195 701 278 760 quem
296 678 443 738 fortiorem
463 677 586 739 habebat
607 702 614 737 ε
635 682 708 740 ιετιὲ
728 681 780 741 de-

92 756 225 830 sertum,
246 762 318 820 inter
341 760 533 819 Vimiuatium
553 780 637 842 atque
654 764 779 822 Aureum

94 861 239 900 montem.
261 841 305 900 Ita
325 860 417 899 rerum
437 841 630 901 Romanarum
653 845 781 922 potitus',

96 922 165 980 crim
186 922 338 981 tumultum
357 920 487 981 rullicani
506 925 536 982 in
560 921 656 984 Gallid
679 926 779 983 conci·

96 999 220 1073 tillem,
242 1012 269 1062 δι
293 1001 411 1063 ῖαᾶἰοηὶ
432 1001 485 1062 suae
505 1004 702 1086 Bagaudarum
726 1027 781 1065 no·

98 1105 167 1143 men
194 1085 393 1164 imponerent,
419 1083 501 1144 duces
526 1104 619 1144 autem
646 1082 782 1147 haberent

53 1240 57 1247 Ι
99 1165 267 1225 Amandum
296 1174 323 1223 δι
346 1164 516 1236 AElianum,
546 1164 581 1224 ad
610 1164 782 1248 subigendos

97 1262 148 1307 ‘eos
163 1246 377 1306 Maximianum
390 1246 556 1305 Herculium
570 1244 712 1306 Caesarem
726 1248 784 1306 mi-

101 1332 155 1399 sit,
175 1330 226 1409 qui
248 1327 357 1387 levibus
382 1327 481 1406 praeliis
506 1325 625 1409 agrestes
649 1326 781 1401 domuit,

100 1419 128 1469 &
151 1430 252 1488 pacem
268 1407 373 1468 Galliae
394 1407 566 1468 reformavit.

141 1490 236 1550 XXI.
256 1490 311 1549 Per
332 1485 390 1547 hac
408 1507 536 1569 tempora
558 1491 644 1549 etiam
669 1489 783 1552 Carau-

102 1573 180 1641 tius,
202 1573 252 1652 qui
272 1570 406 1630 vilissime
421 1589 521 1642 natus,
540 1567 653 1631 strenuae
673 1574 782 1633 militiae

102 1653 201 1713 ordine
223 1651 332 1711 famam
360 1653 502 1734 egregiam
532 1650 622 1712 fuerat
640 1652 781 1713 consecu-

103 1752 169 1804 tus,
190 1733 261 1792 ‘crim
290 1732 363 1812 apud
390 1733 549 1792 Bononiam
580 1753 627 1812 per
661 1738 782 1796 tractum

103 1815 224 1909 Belgicae
243 1823 270 1875 δι
289 1814 444 1873 Armorica
462 1811 621 1894 pacandum
639 1834 716 1875 mare
735 1836 784 1874 ac·

103 1893 240 1977 ceprffet,
257 1895 336 1976 quod
356 1895 501 1955 Franci&
520 1896 644 1954 Saxones
663 1893 782 1956 infesta·

105 1977 201 2048 bant,
225 1977 319 2035 multis
347 1974 469 2035 barbaris
494 1973 564 2054 saepe
594 1976 705 2054 captis,
731 1997 783 2037 nec

105 2057 196 2141 praedit
218 2055 327 2140 integri
347 2076 395 2115 aut
415 2055 636 2137 provincialibus
652 2057 759 2117 redditi
770 2068 790 2133 ,‘

104 2160 154 2200 aut
179 2138 396 2218 Imperatotibus
423 2135 537 2207 milid3
566 2134 630 2196 etim
662 2137 784 2220 suspicio

105 2218 159 2281 elle
174 2216 317 2301 trepidet,
336 2216 466 2278 consultd
478 2218 515 2277 ab
534 2236 568 2276 eo
585 2218 699 2278 admitti
718 2221 783 2280 barss

107 2302 210 2371 batos,
231 2320 263 2362 ut
279 2298 450 2361 transeuntes
473 2319 537 2358 cum
559 2297 650 2378 praedd
670 2303 782 2381 excipe·

107 2402 167 2454 ret,
188 2400 273 2463 atque
300 2380 353 2440 hac
378 2379 406 2439 se
432 2382 584 2439 occasione
612 2380 738 2451 ditaret3
767 2379 786 2440 l

105 2465 286 2525 Maximiano
306 2458 389 2542 julius
406 2462 519 2532 occidi,
538 2480 688 2542 purpuram
705 2460 784 2521 sum-

108 2547 184 2628 psit,
202 2554 229 2604 ur
250 2544 407 2603 Britanniae
421 2543 578 2622 occupavit.
596 2562 601 2582 ¹

146 2625 243 2685 XXII.
263 2624 307 2684 ln
326 2623 389 2683 crim
407 2644 455 2704 per
476 2642 593 2682 omnem
612 2621 710 2680 orbem
728 2639 784 2682 ter·

108 2727 198 2766 rarum
225 2727 266 2766 res
291 2704 406 2765 turbatae
435 2700 543 2773 client,
571 2702 723 2763 Carausius
752 2705 783 2765 iu

106 2788 254 2851 Britanniis
268 2786 413 2886 rebellaret
420 2830 430 2858 ‚
439 2782 583 2855 Achilleus
596 2786 626 2846 in
635 2783 783 2872 AEgypto,
