2056 3628
207 211 247 296 38
394 205 713 293 Euruorrr

204 329 338 407 lippum3
363 327 392 384 in
406 322 566 395 sardinii,
588 343 685 384 contra
707 321 833 396 Sardos,
856 333 887 386 &c

204 410 321 469 alterum
336 404 545 467 Hasdrubalem
559 403 835 489 Carthaginiensem.
857 407 886 467 Is

207 489 224 550 ὲ
242 490 312 549 Tito
328 487 443 548 Manlio
460 484 629 547 Proconsule
642 534 654 558 ,
672 488 722 568 qui
737 487 774 548 ad
789 488 887 548 Sardi-

206 573 286 631 niam
304 566 398 630 missus
416 568 527 639 fuerat,
546 571 626 629 vivus
645 567 687 627 est
701 588 888 648 captus,foc-

206 650 264 712 cisa
284 672 348 710 cum
362 672 397 710 eo
414 649 564 711 duodecim
583 649 697 721 millia,
717 653 792 730 capti
808 651 887 710 mille

206 735 378 816 quingenti,
406 741 433 792 &
457 731 474 790 ‘a
499 732 637 791 Romanis
662 731 792 792 Sardinia
815 731 886 791 sub·

99 841 103 851 ’
207 818 279 875 adia.
300 815 427 874 Manlius
445 815 548 873 Vistor
566 814 735 893 captivos&
754 811 887 873 Hasdru-

205 896 301 957 balem
326 896 452 955 Romam
480 897 640 974 reportavit.
667 894 776 971 Interea
801 897 890 954 etiam

207 974 354 1061 Philippus
375 974 523 1037 bLaevino
547 978 577 1035 in
598 975 771 1036 Macedoniis
791 978 889 1036 vinci-

208 1079 253 1118 tur
264 1082 274 1130 3
295 1069 322 1119 &
340 1060 370 1118 in
383 1056 524 1139 Hispania
537 1055 554 1116 *a
567 1056 746 1137 Scipionibus
759 1055 889 1117 Hasdru-

210 1141 280 1211 bal,
301 1149 328 1200 &
341 1141 457 1223 Mago,
479 1141 574 1198 tertius
589 1139 673 1198 stater
688 1139 870 1211 Hannibalis.

250 1222 344 1282 XIV.
366 1222 488 1281 Decimo
507 1242 582 1280 anno
602 1219 750 1301 postquam
771 1219 890 1280 Hanni-

110 1298 112 1301 ’
210 1303 265 1363 bal
278 1305 309 1366 in
326 1303 440 1363 Italiam
456 1321 593 1372 venerat,
611 1302 643 1360 P.
661 1302 808 1382 Sulpicio,
831 1301 890 1363 Cn.

211 1385 313 1445 Fulvio
339 1383 537 1454 Consulibus,
566 1382 714 1443 Hannibal
742 1403 829 1464 usque
855 1383 892 1442 ad

211 1485 343 1547 quartum
357 1466 522 1525 milliarium
535 1465 623 1525 Urbis
645 1466 761 1527 accessit
775 1466 892 1545 pequi-

214 1567 254 1607 tcs
274 1552 332 1626 ejus
346 1545 433 1626 usque
450 1546 487 1604 ad
506 1565 626 1624 portam.
644 1547 719 1605 Mox
731 1544 894 1608 Consulum

216 1647 315 1699 metu,
338 1649 403 1686 cum
422 1629 543 1687 exercitu
562 1629 756 1698 venientium,
780 1627 896 1687 Harmi-

213 1711 262 1769 bal
286 1708 322 1769 ad
343 1708 536 1789 Campaniam
560 1706 589 1767 se
602 1710 712 1788 recepit.
734 1709 769 1768 In
783 1706 894 1786 Hispa-

214 1790 264 1851 nil
288 1788 304 1860 ὲ
329 1789 412 1849 fratre
437 1795 495 1868 ejus
518 1787 696 1850 Hasdrubale
716 1791 803 1850 ambo
829 1790 896 1850 Sci-

215 1875 341 1952 piones,
375 1873 426 1952 qui
456 1891 503 1950 per
531 1871 636 1931 multos
659 1892 759 1947 annos
778 1872 899 1947 vistores

217 1951 349 2024 fuerant,
364 1951 566 2014 interficiuntur
580 1976 587 2010 t
601 1954 735 2015 exercitus
747 1972 843 2013 tamen
856 1954 900 2012 in-

217 2053 295 2118 teger
325 2036 428 2094 mansit
454 2056 462 2092 ε
487 2031 554 2093 casu
577 2036 655 2093 enim
681 2034 773 2118 magis
797 2053 900 2106 erant,

221 2116 307 2197 quam
320 2118 442 2185 virtute,
460 2113 578 2194 decepti.
592 2113 662 2191 Qud
674 2135 800 2195 tempore
814 2117 900 2174 etiam

220 2195 239 2257 ir
260 2194 387 2259 Consule
414 2196 554 2256 Marcello
577 2196 678 2257 Sicilia
708 2217 814 2279 magna
839 2217 901 2276 pars

225 2297 306 2359 capta
326 2275 389 2347 est,
416 2298 501 2358 quam
526 2297 618 2337 tenere
641 2277 705 2339 Afri
731 2296 900 2358 coeperant:

221 2369 249 2425 &
266 2359 447 2420 nobilissimae
464 2359 540 2418 urbis
556 2356 735 2441 Syracusanae
751 2359 842 2440 ptaeda
856 2360 902 2417 iu-
938 2430 945 2439 ἱ

223 2461 291 2523 gens
305 2441 430 2500 Romam
450 2442 554 2518 perlata
573 2440 622 2501 est.·
640 2442 767 2501 Laevinus
786 2442 816 2499 in
833 2439 903 2499 Ma-

223 2521 341 2583 cedonii
363 2543 428 2582 cum
444 2519 601 2602 Philippo,
624 2532 651 2583 &
673 2522 769 2583 multis
787 2520 904 2582 Graeciae

223 2606 357 2683 populis,
383 2613 410 2665 &
433 2625 499 2687 rege
521 2603 596 2664 Asiae
620 2604 719 2664 Attalo
745 2602 905 2664 amicitiam

223 2684 290 2745 fecit
310 2708 316 2742 ι
335 2695 362 2746 &
381 2685 422 2747 ad¹
437 2686 564 2746 Siciliam
586 2684 749 2764 professus,
774 2682 904 2744 Hanno·

222 2787 290 2831 uem
316 2765 496 2848 quemdam,
522 2765 658 2831 Afrorum
678 2767 806 2839 ducem,
830 2763 909 2848 apud
