2056 3628
210 302 252 367 32
376 275 693 346 Euruostt

172 449 175 454 .
206 392 321 478 publici
334 393 460 456 custodiit
479 392 564 457 effent
581 419 588 453 :
605 398 655 477 qui
674 405 769 455 autem
790 393 807 454 ὲ
826 396 891 475 pti-

205 479 282 545 vatis
300 495 478 545 tenerentur,
498 497 549 549 ut,
569 479 658 557 pretio
671 477 801 538 ‚dominis
820 475 891 536 ted-

208 557 270 618 dito
280 604 292 628 ,
309 556 518 641 Carthaginem
531 557 652 618 redirent
663 581 673 629 3
688 579 772 639 atque
786 557 816 617 id
827 579 895 637 pte-

209 641 283 714 tium
303 660 337 699 ex
355 637 424 698 fisco
445 641 560 722 magis,
580 637 667 721 quim
690 638 707 699 *a
729 637 890 722 Carthagi-

210 720 354 782 niensibus
372 719 531 781 solveretur.
566 776 581 781 ,.

251 794 394 860 XXVIII.
408 803 531 878 Quintus
545 801 692 873 Lutatius,
707 802 796 862 Aulus
806 801 899 862 Man-

211 881 287 953 lius,
307 881 450 943 Consules
464 886 549 943 creati
563 929 572 953 ‚
591 884 697 943 bellum
713 881 827 942 Faliscis
848 884 898 942 in·

215 962 360 1037 tulerunt,
373 985 435 1046 quae
450 966 546 1024 civitas
557 964 645 1024 Italiae
659 986 678 1023 o
698 964 792 1023 ulentu
804 984 902 1045 quon-

213 1034 282 1114 dam
302 1043 357 1104 fuit
376 1068 383 1101 ι
402 1042 481 1126 quod
497 1044 586 1105 ambo
599 985 740 1107 Comites
758 1047 829 1104 intra
849 1043 901 1104 fex

214 1120 274 1203 dies
288 1171 297 1195 ,
313 1123 399 1206 quim
412 1146 546 1187 venerant
559 1172 567 1196 ‚
582 1125 774 1209 transegerunt
788 1172 799 1195 ,
812 1127 903 1207 quin·

214 1205 308 1285 decim
325 1206 585 1274 millibushostium
603 1209 698 1278 cesis,
714 1209 816 1267 caeteris
830 1227 904 1286 pace

215 1286 366 1366 concessi:
380 1310 449 1372 agro
459 1308 556 1350 tamen
567 1311 601 1349 ex
612 1289 763 1350 medietate
776 1286 904 1350 sublato·

215 1414 902 1493 «κωπέων

230 1520 482 1614 'uiuus
537 1529 845 1614 Titulus

228 1678 908 1708 mm

422 1730 709 1840 etpuuu.

220 1836 274 1955 F
275 1908 286 1946 1
297 1903 400 1948 tuto
427 1885 512 1969 igitur
529 1882 639 1943 Punico
654 1879 747 1954 bellu,
784 1877 842 1939 uod
857 1898 912 1960 per

221 1971 327 2053 viginti
351 1988 403 2027 tres
430 1975 520 2026 annos
544 1966 663 2023 tracium
687 1959 752 2032 est,
807 1963 911 2021 omani

253 2062 282 2108 tu
311 2046 463 2108 clarissimi
492 2043 584 2129 gloriis
611 2045 702 2113 uoti,
731 2043 841 2125 legatos
870 2042 912 2102 ad

248 2130 408 2190 tolemaeum
424 2127 549 2209 AEgypti
567 2145 663 2208 regem
682 2121 836 2193 miserunt,
851 2143 910 2181 au-

224 2212 294 2271 xilia
309 2212 502 2290 promittentes
518 2253 528 2276 ,
546 2208 612 2287 quia
628 2226 676 2264 tex
695 2205 781 2284 Syriae
799 2204 910 2264 Antio-

225 2289 295 2351 ohus
306 2293 337 2349 ei‘
345 2290 451 2350 beilum
464 2289 602 2348 intulerat.
615 2286 666 2346 Ille
681 2287 784 2380 gratias
798 2284 912 2344 Romu-

225 2374 271 2433 nis
286 2374 372 2455 'egit3
394 2371 498 2431 auxilia
520 2390 578 2429 non
595 2386 703 2447 accepit
724 2390 731 2423 z
753 2370 813 2446 jam
833 2367 913 2425 enim

225 2453 317 2514 fitetat
345 2474 439 2536 pugna
466 2449 613 2510 transacta.
640 2447 753 2508 Eodem
784 2466 914 2527 tempore

228 2536 436 2616 potentissimus
444 2552 491 2591 rex
499 2529 915 2593 SiciliaeHieroRomamvenit

227 2617 265 2676 ad
279 2615 360 2676 ludos
375 2613 558 2696 speetandos,
573 2611 730 2673 &ducenta
744 2610 834 2669 millia
847 2629 913 2668 mo-

229 2696 341 2755 diorum
362 2699 447 2756 ttitici
464 2696 568 2775 populo
587 2693 664 2753 dono
683 2689 818 2750 exhibuit.

241 2817 246 2829 ·
271 2778 315 2836 ΙΙ.
338 2779 428 2836 Lucio
455 2775 593 2836 Cornelio
621 2773 778 2840 Lentu10,
811 2771 916 2830 Fulvio

230 2858 333 2920 Flacco
352 2856 546 2929 Consulibus,
567 2854 669 2936 quibus
683 2853 773 2914 Hiero
786 2852 916 2914 Romam
981 2884 985 2891 ·
