1982 3614
215 255 278 305 or
309 239 649 308 CAEsA‘araus.
702 265 769 327 277

93 357 229 437 praecipub
243 358 432 417 remotissimo
445 361 567 439 cuique,
583 363 682 420 cuncta
695 359 771 420 foede

95 437 271 517 diripiebant.
291 439 383 500 Simul
402 461 536 511 annona,
559 441 646 501 Urbis
666 462 699 501 ac
717 439 770 505 sti-

94 518 305 658 p'endiariorum
326 517 399 579 salus
412 521 518 590 anxie,
534 518 708 603 sollicitdque
723 518 773 583 ha-

114 602 152 659 ita
165 622 175 671 3
197 597 444 682 honestiorumque
457 605 588 681 provedlu
602 648 612 673 ‚
631 611 658 662 &
672 603 687 661 ὲ
702 624 773 663 con-

76 688 79 693 '
94 698 157 750 tra,
173 679 317 761 suppliciis
329 682 463 764 flagitiosi
476 680 621 763 cujusque,
639 686 773 743 virtutum

94 759 184 821 studia
217 762 398 844 augebantur.
431 763 595 822 Vererrimae
623 764 772 847 religiones

95 840 249 902 carissime
272 861 380 902 curatae.
410 843 454 904 Ac
478 845 579 902 mirum
602 846 632 902 in
654 844 772 904 modum

94 925 176 983 novis
196 921 290 982 adhuc
308 922 442 1004 cultisque
463 924 623 996 moenibus,
642 924 774 985 Romana

98 1004 223 1063 culmina
240 1013 268 1064 &
281 1023 385 1063 caeterae
403 1006 482 1064 urbes
501 1024 628 1073 ornatae,
651 1006 775 1066 maxime

98 1083 273 1167 Carthago,
287 1085 485 1145 Mediolanum
499 1129 508 1155 ,
522 1083 699 1145 Nicomedia.
713 1086 775 1144 Ne-

118 1186 151 1224 ue
172 1185 271 1225 tamen
286 1165 350 1224 calm
372 1163 429 1225 lraec
452 1185 587 1247 agerent,
613 1184 687 1225 extra
706 1168 776 1226 viria

99 1185 222 1306 bierunt.
250 1247 364 1327 Quippe
385 1246 535 1308 Herculius
559 1244 676 1304 libidine
699 1247 777 1306 tantd

100 1327 263 1408 agebatur,
288 1346 319 1386 ut
340 1348 375 1385 ne
396 1326 432 1385 ab
456 1325 587 1385 obsidum
613 1328 776 1407 corporibus

99 1408 215 1488 quidem
235 1410 324 1467 animi
341 1408 435 1467 labem
454 1408 656 1486 comprimeret.
680 1407 774 1467 Vale-

100 1491 142 1546 rio
163 1487 263 1569 partlm
284 1485 399 1553 honesta
422 1490 451 1548 in
475 1489 583 1548 amicos
603 1486 671 1546 fides
695 1508 776 1560 erat,

100 1567 302 1629 discordiarum
321 1567 387 1629 laub
403 1588 501 1640 metu,
523 1568 590 1628 dum
607 1571 779 1629 enunciatio-

99 1651 182 1711 nibus
203 1647 278 1732 polle
292 1653 392 1732 agitari
404 1652 526 1732 quietem
540 1648 672 1709 consortii
688 1669 776 1728 putat.

101 1729 178 1791 Hinc
202 1735 288 1791 etiam
312 1736 391 1812 quasi
414 1750 547 1791 truncata
572 1735 644 1791 vires
665 1730 752 1792 Urbis
764 1725 804 1801 ,‘.

101 1813 255 1872 imminuto
282 1812 475 1871 Praetoriarum
504 1809 662 1870 cohortium
693 1831 777 1890 atque

100 1894 131 1952 in
149 1896 237 1953 armis
257 1892 337 1975 vulgi
349 1911 489 1962 numero,
530 1912 567 1949 uo
586 1890 701 1970 quidem
715 1893 777 1971 plu-

101 1994 143 2034 res
154 1973 256 2034 vo'lunt
269 1974 417 2052 imperium
430 1913 556 2052 posuille.
571 1971 704 2052 Namque
721 1973 778 2030 iru-

101 2056 271 2115 minentium
297 2051 452 2125 scrutator,
479 2053 529 2111 ubi
555 2050 614 2111 fato
636 2050 777 2127 intestinas
806 2088 809 2093 ·

100 2136 220 2205 clades,
244 2144 271 2194 &
291 2136 371 2216 quasi
390 2133 533 2233 fragorem
554 2133 694 2215 quendam
716 2136 775 2192 im-

101 2217 222 2297 pendere
235 2218 371 2295 comperit
383 2213 466 2275 status
478 2216 624 2285 Romani,
638 2215 777 2273 celebrato

102 2300 182 2381 regni
199 2298 334 2357 vicesimo
352 2318 450 2366 anno,
472 2298 610 2356 valentior
630 2317 724 2355 curam
741 2296 777 2356 R.

102 2377 133 2438 P.
155 2379 281 2457 abjecit,
302 2375 413 2436 crimin
432 2374 597 2436 sententiam
613 2376 776 2436 Herculium

103 2459 247 2542 aegerrime
262 2454 444 2527 traduxillet,
465 2459 510 2515 cui
525 2478 599 2516 anno
615 2455 708 2516 mimis
725 2478 778 2535 po-

103 2542 192 2599 tentia
205 2537 301 2598 fuerat.
318 2539 356 2597 Et
370 2557 544 2618 quamquam
557 2537 618 2596 aliis
634 2537 689 2597 alia
708 2535 779 2594 aesti-

87 2620 247 2679 mantibus
272 2621 330 2678 veri
351 2619 441 2700 gratia
465 2635 592 2695 corrupta
616 2618 673 2687 sit,
697 2618 779 2676 nobis

104 2719 201 2759 tamen
223 2701 368 2759 excellenti
387 2696 485 2758 uaturd
505 2698 613 2756 viderur
634 2697 670 2756 ad
692 2719 776 2757 com-

103 2801 221 2843 munem
235 2786 322 2843 vitam
346 2779 436 2862 sprqto
454 2778 562 2839 ambitu
580 2775 756 2840 descendille.
