2056 3628
333 250 518 318 LIBER
560 250 605 318 V.
769 275 810 341 59

117 373 223 431 iterum
242 371 398 429 commisit.
416 369 513 428 Primo
531 369 629 450 pralio
647 369 811 451 quindecim

118 454 213 513 millia
240 449 367 510 hostium
392 449 538 510 intersedia
563 448 648 522 sunt,
681 449 761 513 filius
777 476 812 514 ue

118 532 259 595 Archelai
279 532 428 615 Diogenes
450 555 458 589 r
480 529 603 591 secundo
624 554 725 593 omncs
742 476 813 595 Mi·

119 614 255 677 thridatis
276 616 365 694 copiae
387 614 514 673 extincta
537 613 601 673 sunt
623 637 630 673 ε
654 612 811 678 Archelaus

117 699 179 777 ipse
200 695 296 757 triduo
316 693 407 754 nudus
421 695 452 753 in
468 695 615 775 paludibus
633 697 723 756 latuit.
743 698 812 759 Hac

118 799 148 838 re
169 774 289 849 auditi,
307 773 491 837 Mithridates
506 798 571 836 cum
587 777 665 858 Sylla
684 778 718 838 de
739 800 811 861 pace

119 860 170 944 agi
194 860 285 939 iussit.
843 870 847 875 ’

160 940 249 1000 VII.
273 939 391 999 Interim
418 959 453 997 co
471 957 597 1020 tempore
616 939 694 1021 Sylla
720 942 809 1004 etiam

119 1021 294 1091 Dardanos,
305 1018 468 1082 Scordiscos
478 1021 647 1093 ,Dalmatas
659 1030 686 1081 &
695 1021 810 1084 Moesos

120 1105 225 1182 partim
247 1104 342 1172 vicit,
364 1103 435 1162 alios
453 1104 484 1160 in
504 1100 589 1162 fidem
608 1104 725 1184 accepit.
751 1104 808 1166 Sed

120 1182 185 1242 crim
210 1186 302 1267 legati
321 1181 418 1266 irege
437 1180 623 1255 Mithridate,
642 1185 693 1266 qui
708 1204 810 1264 pacem

119 1265 273 1345 petebant,
287 1262 439 1336 venill'ent,
455 1286 515 1324 non
534 1267 613 1325 aliter
632 1264 659 1325 se
677 1264 808 1326 daturum

121 1345 202 1427 Sylla
218 1342 274 1405 elle
286 1344 449 1426 respondit,
469 1347 525 1406 n'isi
541 1345 624 1418 Rex,
645 1346 749 1409 reliclis
761 1346 806 1409 his

121 1448 185 1566 pua
196 1447 384 1508 occupaverat
393 1473 403 1499 ,
413 1425 451 1487 ad
459 1446 577 1510 regnum
590 1427 671 1490 suurn
683 1427 805 1493 redisset.

145 1506 224 1569 ostra
242 1528 339 1568 tamen
357 1509 394 1570 ad
416 1507 591 1590 colloquium
613 1510 701 1568 ambo
721 1531 808 1570 vene-

121 1608 206 1660 runt3
222 1612 276 1669 pax
295 1591 428 1648 intereos
445 1589 574 1651 ordinata
587 1589 642 1660 est3
662 1610 693 1651 ut
709 1592 806 1671 Sylla,

122 1669 160 1728 ad
175 1671 284 1729 bellum
299 1672 381 1730 civile
397 1668 547 1743 festinans,
564 1671 581 1731 ὲ
596 1691 676 1755 tergo
696 1675 807 1750 pericu·

121 1751 182 1811 lum
194 1774 254 1811 non
266 1750 389 1812 haberet.
401 1752 480 1812 Nam
489 1752 557 1813 dum
568 1753 647 1834 Sylla
655 1755 685 1811 in
694 1751 807 1815 Achaia

121 1851 208 1913 atque
227 1832 299 1893 Asia
319 1832 518 1894 Mithridatem
541 1836 651 1905 vincit,
673 1834 806 1906 Matius,

122 1916 173 1994 qui
187 1912 303 1997 sugatur
317 1933 393 1986 erat,
404 1924 432 1976 &
445 1915 597 1976 Cornelius
609 1914 724 1985 Cinna,
736 1935 808 1975 unus

122 2015 157 2054 ex
174 1992 368 2068 Consulibus,
389 1997 495 2056 bellum
512 1997 542 2056 in
555 1995 639 2054 Italiri
656 2016 806 2076 reparave-

121 2095 187 2135 runt
210 2100 217 2133 τ
237 2085 265 2136 &
275 2078 391 2159 ingressi
404 2078 503 2137 urbem
523 2077 670 2149 Romam,
684 2074 805 2141 nobilis·

122 2159 213 2217 simos
230 2177 264 2217 ex
281 2158 385 2219 Senatu
398 2167 425 2218 δι
442 2156 612 2237 Consulares
629 2162 704 2219 vitos
718 2161 806 2219 inter-

124 2236 280 2310 fecerunt3
310 2240 414 2299 multos
443 2238 659 2321 proscripserunt
684 2264 691 2297 ε
718 2241 804 2321 ipsius

122 2319 208 2400 Syllae
231 2319 321 2380 domo
342 2320 454 2394 eversi,
474 2320 547 2383 lilios
569 2331 596 2382 &
622 2341 738 2381 uxorem
766 2323 805 2382 ad

124 2399 227 2483 fugam
257 2402 451 2482 compulerunt
478 2427 486 2461 ε
517 2401 657 2465 universus
683 2403 806 2544 religuus

121 2479 244 2541 Senatus
254 2503 288 2541 ex
295 2483 375 2545 Urbe
386 2482 512 2568 fugiens,
522 2484 557 2545 ad
569 2485 676 2567 Syllam
687 2485 718 2543 in
758 2505 807 2544 rae-

122 2564 201 2623 ciam
218 2566 321 2636 venit,
344 2586 446 2639 orans,
471 2585 502 2627 ut
541 2568 615 2626 atriae
637 2563 804 2626 subveniret.

122 2643 176 2703 Ille
196 2647 228 2705 in
247 2644 361 2705 Italiam
381 2649 505 2726 trajecit,
521 2588 628 2706 lenum
646 2646 727 2705 civile
745 2644 806 2731 ges·

112 2744 201 2784 'turus
233 2725 364 2786 adversus
391 2728 561 2788 Norbanum
587 2736 614 2788 ὅ(
642 2727 805 2808 Scipionem

121 2803 279 2867 Consules·
301 2807 340 2867 Et
365 2809 456 2887 primo
482 2810 577 2890 praelio
604 2829 700 2870 contra
722 2809 804 2870 Nor·

608 2890 685 2970 Cvj
