2010 3616
225 278 291 324 122
379 252 718 322 ΙΕτ1ΤκοΡιι

221 374 403 436 intesDivos
420 370 516 432 tefetti
534 395 542 430 τ
565 374 609 432 vit
627 373 746 456 egregiae
762 376 912 455 tranquil·

223 458 331 526 litatis,
352 453 501 534 placidus,
519 454 605 513 nimis
623 455 722 513 amicis
740 463 767 514 &
779 453 910 516 familia-

222 538 298 596 ribus
316 535 450 605 credens3
469 555 538 594 mox
556 536 643 594 etiam
664 535 797 599 uxoribus
820 536 908 596 dedia

224 618 279 677 tior
299 638 308 675 ι
328 618 378 697 qui
391 635 487 675 tamen
508 617 605 695 primis
623 616 735 695 imperii
751 618 833 677 annis
856 619 910 678 in-

245 698 303 757 enti
316 695 344 757 se
355 694 492 757 modesti&
505 695 805 780 egeritafamiliatium
820 700 910 760 etiam

223 718 439 859 iocupletato13
471 794 563 859 neque
593 776 750 838 inhonoros
782 781 910 853 sinens,

224 880 345 942 quotum
369 856 513 919 laboriosa
530 878 658 938 expertus
673 855 764 918 fuiffet
785 860 881 920 officia
899 883 910 919 a

225 941 263 1001 ad
282 939 456 1001 severitatem
480 960 577 1001 tamen
595 941 758 1021 ptopensior
771 986 781 1011 ‚
795 943 825 1000 si
848 938 912 1000 sus-

226 1023 302 1104 picio
327 1024 439 1104 imperii
462 1040 645 1092 moveretur3
666 1022 743 1081 mitis
766 1021 833 1081 aliis
849 1068 861 1093 ‚
880 1030 911 1082 δι

227 1109 305 1183 cujus
325 1106 355 1163 in
372 1103 514 1166 Civilibus
531 1123 578 1162 ma
600 1102 643 1173 is,
664 1100 750 1184 quim
770 1104 801 1162 in
819 1121 913 1163 extet·

227 1188 272 1246 nis
288 1185 389 1257 bellis,
410 1186 446 1244 sit
464 1182 568 1244 laudan
588 1204 604 1243 a
624 1182 744 1243 fortuna.

268 1265 363 1326 XVI.
386 1265 464 1326 Hinc
478 1265 606 1326 Julianus
620 1272 711 1325 tetum
725 1267 829 1346 potitus
849 1264 912 1340 est,

228 1348 394 1441 ingentique
407 1365 541 1428 apparatu
553 1343 663 1406 Parthis
676 1346 770 1405 intulit
783 1345 912 1420 bellum,

179 1496 184 1503 ,
230 1448 276 1487 cua
294 1428 466 1508 expeditioni
489 1447 543 1510 ego
564 1447 677 1508 quoque
695 1426 816 1487 interfui.
845 1428 915 1488 Ali-

176 1506 180 1515 ’
231 1528 302 1588 quot
315 1508 420 1589 oppid-a
436 1517 463 1569 &
482 1506 593 1568 castella
612 1505 757 1567 Pensatum
777 1509 808 1567 in
828 1507 913 1568 dedi·

231 1593 340 1649 tionem
358 1591 486 1670 accepit,
508 1589 554 1649 vel
572 1591 602 1649 vi
620 1590 796 1672 oppugnavit
810 1612 816 1646 :
831 1585 917 1671 Aisy-

230 1671 303 1730 riam
325 1691 358 1731 ue
373 1670 539 1751 populatus,
554 1668 640 1730 calba
654 1670 727 1750 apud
740 1668 917 1749 Ctesiphon-

231 1771 291 1812 tem
304 1692 410 1814 ilativa
430 1751 596 1832 aliquandiu
615 1749 714 1811 habuit
736 1773 743 1808 t
764 1749 914 1811 remeans-

232 1854 287 1918 que
317 1834 430 1902 vieiot,
457 1831 525 1892 dum
552 1829 580 1891 se
606 1829 787 1891 inconsultius
813 1833 917 1912 preliis
1002 1878 1003 1899 ἶ

234 1912 353 1986 inserit,
372 1911 467 1981 hostili
480 1934 568 1974 manu
580 1912 739 1974 interfectus
754 1911 814 1984 est,
832 1910 917 1974 sexto

233 1995 353 2057 Kalend.
377 1995 465 2057 Julias
479 2040 497 2066 ,.
516 1995 627 2074 imperii
657 2016 733 2055 anno
761 1991 882 2073 septimo
905 2040 918 2067 ,

236 2079 324 2136 aetatis
338 2077 426 2136 altero
439 2085 467 2136 &
482 2077 628 2159 trigesimo
640 2097 650 2146 3
671 2094 754 2157 atque
768 2076 838 2134 inter
857 2074 919 2134 Di-
999 2100 1000 2103 ¹

236 2178 288 2217 uos
305 2157 405 2217 relatus
426 2154 466 2216 est
485 2179 492 2214 :
510 2159 554 2221 vis
572 2158 724 2239 egregius,
744 2164 773 2218 &
786 2155 921 2295 Remqsu-

205 2254 210 2265 ’
236 2237 343 2297 blicam
358 2239 504 2332 insigniter
522 2238 736 2308 moderaturus,
754 2238 778 2297 si
794 2253 841 2317 per
867 2256 922 2300 ata

236 2315 354 2380 licuillet
377 2341 384 2376 t
407 2318 568 2379 liberalibus
602 2317 755 2399 disciplinis
785 2318 921 2416 aponiano

238 2400 383 2461 eruditus:
400 2400 506 2460 Gtaecis
519 2400 650 2471 doiliot,
671 2419 754 2482 atque
771 2399 865 2470 adeo,
883 2420 923 2462 ut

224 2482 342 2542 ¹Latina
366 2480 485 2541 eruditio
512 2502 692 2564 nequaquam
724 2500 789 2540 cum
816 2479 924 2542 Graecei

238 2560 356 2626 scientii
381 2564 542 2623 conveniret
563 2587 570 2621 a
596 2560 728 2623 facundii
753 2563 863 2645 ingenti
890 2571 923 2623 &

259 2642 393 2724 romptit,
415 2646 557 2703 memorie
573 2647 779 2713 tenacissimae3
800 2643 830 2701 in
851 2645 924 2724 qui-

240 2664 359 2785 busdam
388 2722 559 2805 philosopho
591 2727 704 2806 propior
725 2749 732 2782 z
755 2724 786 2783 in
808 2725 923 2785 amicos

238 2803 360 2868 libetalis
371 2826 378 2862 ε
389 2802 437 2866 sed
449 2805 541 2869 minuis
555 2805 692 2891 diligens,
707 2802 794 2888 quim
806 2823 923 2867 tantum
