<?xml version="1.0" encoding="UTF-8"?>
<!DOCTYPE html PUBLIC "-//W3C//DTD XHTML 1.0 Transitional//EN"
    "http://www.w3.org/TR/xhtml1/DTD/xhtml1-transitional.dtd">
<html xmlns="http://www.w3.org/1999/xhtml" xml:lang="en" lang="en">
 <head>
  <title>
</title>
<meta http-equiv="Content-Type" content="text/html;charset=utf-8" />
  <meta name='ocr-system' content='tesseract 3.04.00' />
  <meta name='ocr-capabilities' content='ocr_page ocr_carea ocr_par ocr_line ocrx_word'/>
</head>
<body>
  <div class='ocr_page' id='page_1' title='image "./eutropiisextaur01victgoog_0181.png"; bbox 0 0 2010 3616; ppageno 0'>
   <div class='ocr_carea' id='block_1_1' title="bbox 234 251 761 346">
    <p class='ocr_par' dir='ltr' id='par_1_1' title="bbox 234 251 761 346">
     <span class='ocr_line' id='line_1_1' title="bbox 234 251 761 346; baseline 0 -25"><span class='ocrx_word' id='word_1_1' title='bbox 234 257 298 322; x_wconf 82' lang='lat'>168</span> <span class='ocrx_word' id='word_1_2' title='bbox 370 251 507 346; x_wconf 38' lang='lat' dir='ltr'>‚Auro</span> <span class='ocrx_word' id='word_1_3' title='bbox 538 253 761 321; x_wconf 73' lang='lat' dir='ltr'>Vrcron</span> 
     </span>
    </p>
   </div>
   <div class='ocr_carea' id='block_1_2' title="bbox 222 368 924 2943">
    <p class='ocr_par' dir='ltr' id='par_1_2' title="bbox 222 368 924 2718">
     <span class='ocr_line' id='line_1_2' title="bbox 229 368 921 454; baseline -0.004 -22"><span class='ocrx_word' id='word_1_4' title='bbox 229 371 331 442; x_wconf 78' lang='lat' dir='ltr'>visset,</span> <span class='ocrx_word' id='word_1_5' title='bbox 355 378 440 454; x_wconf 78' lang='lat' dir='ltr'>gener</span> <span class='ocrx_word' id='word_1_6' title='bbox 459 370 478 430; x_wconf 59' lang='lat' dir='ltr'>’a</span> <span class='ocrx_word' id='word_1_7' title='bbox 502 370 660 451; x_wconf 83' lang='lat' dir='ltr'>Tarquinio</span> <span class='ocrx_word' id='word_1_8' title='bbox 677 369 838 450; x_wconf 80' lang='lat' dir='ltr'>adsumptus</span> <span class='ocrx_word' id='word_1_9' title='bbox 863 368 921 429; x_wconf 84' lang='lat' dir='ltr'>est.</span> 
     </span>
     <span class='ocr_line' id='line_1_3' title="bbox 229 449 924 532; baseline -0.001 -19"><span class='ocrx_word' id='word_1_10' title='bbox 229 454 268 513; x_wconf 86' lang='lat' dir='ltr'>Et</span> <span class='ocrx_word' id='word_1_11' title='bbox 286 451 349 512; x_wconf 79' lang='lat' dir='ltr'>crim</span> <span class='ocrx_word' id='word_1_12' title='bbox 365 454 426 512; x_wconf 87' lang='lat' dir='ltr'>Rex</span> <span class='ocrx_word' id='word_1_13' title='bbox 444 451 553 511; x_wconf 84' lang='lat' dir='ltr'>occisus</span> <span class='ocrx_word' id='word_1_14' title='bbox 568 449 654 523; x_wconf 86' lang='lat' dir='ltr'>esset,</span> <span class='ocrx_word' id='word_1_15' title='bbox 668 452 812 532; x_wconf 81' lang='lat' dir='ltr'>Tanaquil</span> <span class='ocrx_word' id='word_1_16' title='bbox 822 472 855 510; x_wconf 82' lang='lat' dir='ltr'>ex</span> <span class='ocrx_word' id='word_1_17' title='bbox 877 454 924 512; x_wconf 83' lang='lat' dir='ltr'>al-</span> 
     </span>
     <span class='ocr_line' id='line_1_4' title="bbox 229 532 924 613; baseline 0 -22"><span class='ocrx_word' id='word_1_18' title='bbox 229 536 295 593; x_wconf 88' lang='lat' dir='ltr'>tiori</span> <span class='ocrx_word' id='word_1_19' title='bbox 324 535 388 593; x_wconf 89' lang='lat' dir='ltr'>loco</span> <span class='ocrx_word' id='word_1_20' title='bbox 418 532 454 592; x_wconf 88' lang='lat' dir='ltr'>ad</span> <span class='ocrx_word' id='word_1_21' title='bbox 483 534 619 613; x_wconf 84' lang='lat' dir='ltr'>populum</span> <span class='ocrx_word' id='word_1_22' title='bbox 646 532 799 613; x_wconf 87' lang='lat' dir='ltr'>despiciens</span> <span class='ocrx_word' id='word_1_23' title='bbox 824 577 834 602; x_wconf 91' lang='lat'>,</span> <span class='ocrx_word' id='word_1_24' title='bbox 875 536 924 592; x_wconf 85' lang='lat' dir='ltr'>ait</span> 
     </span>
     <span class='ocr_line' id='line_1_5' title="bbox 229 611 923 698; baseline 0.003 -26"><span class='ocrx_word' id='word_1_25' title='bbox 229 613 355 674; x_wconf 85' lang='lat' dir='ltr'>Priscum</span> <span class='ocrx_word' id='word_1_26' title='bbox 370 616 449 698; x_wconf 90' lang='lat' dir='ltr'>gravi</span> <span class='ocrx_word' id='word_1_27' title='bbox 462 614 577 695; x_wconf 91' lang='lat' dir='ltr'>quidem</span> <span class='ocrx_word' id='word_1_28' title='bbox 591 659 601 685; x_wconf 89' lang='lat'>,</span> <span class='ocrx_word' id='word_1_29' title='bbox 620 611 738 674; x_wconf 87' lang='lat' dir='ltr'>sednon</span> <span class='ocrx_word' id='word_1_30' title='bbox 758 613 832 672; x_wconf 87' lang='lat' dir='ltr'>letali</span> <span class='ocrx_word' id='word_1_31' title='bbox 847 615 923 674; x_wconf 89' lang='lat' dir='ltr'>vul-</span> 
     </span>
     <span class='ocr_line' id='line_1_6' title="bbox 228 692 920 775; baseline 0.004 -21"><span class='ocrx_word' id='word_1_32' title='bbox 228 715 301 754; x_wconf 85' lang='lat' dir='ltr'>nere</span> <span class='ocrx_word' id='word_1_33' title='bbox 322 715 468 775; x_wconf 80' lang='lat' dir='ltr'>accepto,</span> <span class='ocrx_word' id='word_1_34' title='bbox 495 715 585 774; x_wconf 89' lang='lat' dir='ltr'>petere</span> <span class='ocrx_word' id='word_1_35' title='bbox 613 715 645 754; x_wconf 89' lang='lat' dir='ltr'>ut</span> <span class='ocrx_word' id='word_1_36' title='bbox 676 696 816 764; x_wconf 85' lang='lat' dir='ltr'><strong>interim,</strong></span> <span class='ocrx_word' id='word_1_37' title='bbox 842 692 920 757; x_wconf 84' lang='lat' dir='ltr'>dum</span> 
     </span>
     <span class='ocr_line' id='line_1_7' title="bbox 229 774 921 846; baseline 0.003 -14"><span class='ocrx_word' id='word_1_38' title='bbox 229 775 421 846; x_wconf 87' lang='lat' dir='ltr'>convalescit,</span> <span class='ocrx_word' id='word_1_39' title='bbox 439 776 536 835; x_wconf 85' lang='lat' dir='ltr'>Servio</span> <span class='ocrx_word' id='word_1_40' title='bbox 554 776 653 834; x_wconf 90' lang='lat' dir='ltr'>Tullio</span> <span class='ocrx_word' id='word_1_41' title='bbox 674 776 753 836; x_wconf 73' lang='lat' dir='ltr'>dieto</span> <span class='ocrx_word' id='word_1_42' title='bbox 771 774 921 835; x_wconf 84' lang='lat' dir='ltr'>audientes</span> 
     </span>
     <span class='ocr_line' id='line_1_8' title="bbox 227 854 921 937; baseline 0.004 -22"><span class='ocrx_word' id='word_1_43' title='bbox 227 854 323 917; x_wconf 78' lang='lat' dir='ltr'>essent.</span> <span class='ocrx_word' id='word_1_44' title='bbox 338 859 448 918; x_wconf 84' lang='lat' dir='ltr'>Servius</span> <span class='ocrx_word' id='word_1_45' title='bbox 458 856 570 916; x_wconf 87' lang='lat' dir='ltr'>Tullius</span> <span class='ocrx_word' id='word_1_46' title='bbox 587 858 668 937; x_wconf 88' lang='lat' dir='ltr'>quasi</span> <span class='ocrx_word' id='word_1_47' title='bbox 676 858 802 935; x_wconf 88' lang='lat' dir='ltr'>precario</span> <span class='ocrx_word' id='word_1_48' title='bbox 814 876 842 913; x_wconf 94' lang='lat' dir='ltr'>re</span> <span class='ocrx_word' id='word_1_49' title='bbox 864 870 921 918; x_wconf 80' lang='lat' dir='ltr'>na&#39;-</span> 
     </span>
     <span class='ocr_line' id='line_1_9' title="bbox 228 876 916 1017; baseline 0.001 -21"><span class='ocrx_word' id='word_1_50' title='bbox 228 958 258 996; x_wconf 87' lang='lat' dir='ltr'>re</span> <span class='ocrx_word' id='word_1_51' title='bbox 279 942 384 1017; x_wconf 72' lang='lat' dir='ltr'>erepit,</span> <span class='ocrx_word' id='word_1_52' title='bbox 407 934 454 996; x_wconf 89' lang='lat' dir='ltr'>sed</span> <span class='ocrx_word' id='word_1_53' title='bbox 472 938 545 997; x_wconf 68' lang='lat' dir='ltr'>redte</span> <span class='ocrx_word' id='word_1_54' title='bbox 560 940 711 1017; x_wconf 88' lang='lat' dir='ltr'>imperium</span> <span class='ocrx_word' id='word_1_55' title='bbox 729 876 916 998; x_wconf 56' lang='lat' dir='ltr'>adminilira-</span> 
     </span>
     <span class='ocr_line' id='line_1_10' title="bbox 227 1015 919 1098; baseline 0.001 -21"><span class='ocrx_word' id='word_1_56' title='bbox 227 1021 278 1078; x_wconf 84' lang='lat' dir='ltr'>vit.</span> <span class='ocrx_word' id='word_1_57' title='bbox 297 1016 432 1079; x_wconf 83' lang='lat' dir='ltr'>Etruscos</span> <span class='ocrx_word' id='word_1_58' title='bbox 451 1015 519 1098; x_wconf 85' lang='lat' dir='ltr'>saepe</span> <span class='ocrx_word' id='word_1_59' title='bbox 539 1018 658 1078; x_wconf 87' lang='lat' dir='ltr'><strong>domuit.</strong></span> <span class='ocrx_word' id='word_1_60' title='bbox 680 1018 796 1079; x_wconf 90' lang='lat' dir='ltr'>Collem</span> <span class='ocrx_word' id='word_1_61' title='bbox 814 1018 919 1094; x_wconf 86' lang='lat' dir='ltr'>Quiri-</span> 
     </span>
     <span class='ocr_line' id='line_1_11' title="bbox 228 1097 920 1179; baseline 0.001 -20"><span class='ocrx_word' id='word_1_62' title='bbox 228 1101 322 1159; x_wconf 84' lang='lat' dir='ltr'>nalem</span> <span class='ocrx_word' id='word_1_63' title='bbox 343 1108 369 1159; x_wconf 91' lang='lat'>&amp;</span> <span class='ocrx_word' id='word_1_64' title='bbox 383 1098 561 1158; x_wconf 87' lang='lat' dir='ltr'>Viminalem</span> <span class='ocrx_word' id='word_1_65' title='bbox 572 1109 599 1159; x_wconf 89' lang='lat'>&amp;</span> <span class='ocrx_word' id='word_1_66' title='bbox 616 1097 758 1179; x_wconf 87' lang='lat' dir='ltr'><strong>Esquilias</strong></span> <span class='ocrx_word' id='word_1_67' title='bbox 772 1098 847 1159; x_wconf 88' lang='lat' dir='ltr'>Urbi</span> <span class='ocrx_word' id='word_1_68' title='bbox 866 1101 920 1160; x_wconf 83' lang='lat' dir='ltr'>ad-</span> 
     </span>
     <span class='ocr_line' id='line_1_12' title="bbox 226 1177 917 1263; baseline 0.003 -24"><span class='ocrx_word' id='word_1_69' title='bbox 226 1180 324 1252; x_wconf 82' lang='lat' dir='ltr'>didit3</span> <span class='ocrx_word' id='word_1_70' title='bbox 340 1201 493 1263; x_wconf 79' lang='lat' dir='ltr'>aggerem,</span> <span class='ocrx_word' id='word_1_71' title='bbox 515 1177 654 1261; x_wconf 77' lang='lat' dir='ltr'>fossasque</span> <span class='ocrx_word' id='word_1_72' title='bbox 673 1179 750 1241; x_wconf 87' lang='lat' dir='ltr'>fecit.</span> <span class='ocrx_word' id='word_1_73' title='bbox 771 1179 917 1259; x_wconf 86' lang='lat' dir='ltr'>Populum</span> 
     </span>
     <span class='ocr_line' id='line_1_13' title="bbox 222 1257 916 1342; baseline 0.007 -24"><span class='ocrx_word' id='word_1_74' title='bbox 222 1263 270 1320; x_wconf 68' lang='lat' dir='ltr'>rin&#39;</span> <span class='ocrx_word' id='word_1_75' title='bbox 281 1257 407 1342; x_wconf 82' lang='lat' dir='ltr'>quatuor</span> <span class='ocrx_word' id='word_1_76' title='bbox 420 1261 508 1320; x_wconf 89' lang='lat' dir='ltr'>tribus</span> <span class='ocrx_word' id='word_1_77' title='bbox 527 1259 664 1320; x_wconf 82' lang='lat' dir='ltr'>distribuit</span> <span class='ocrx_word' id='word_1_78' title='bbox 674 1306 690 1332; x_wconf 82' lang='grc'>,,</span> <span class='ocrx_word' id='word_1_79' title='bbox 702 1284 735 1321; x_wconf 90' lang='lat' dir='ltr'>ac</span> <span class='ocrx_word' id='word_1_80' title='bbox 755 1259 817 1342; x_wconf 89' lang='lat' dir='ltr'>post</span> <span class='ocrx_word' id='word_1_81' title='bbox 835 1261 916 1340; x_wconf 88' lang='lat' dir='ltr'>plebi</span> 
     </span>
     <span class='ocr_line' id='line_1_14' title="bbox 227 1340 916 1422; baseline 0 -22"><span class='ocrx_word' id='word_1_82' title='bbox 227 1340 369 1402; x_wconf 90' lang='lat' dir='ltr'>distribuit</span> <span class='ocrx_word' id='word_1_83' title='bbox 387 1363 540 1401; x_wconf 86' lang='lat' dir='ltr'>annonam.</span> <span class='ocrx_word' id='word_1_84' title='bbox 561 1341 710 1401; x_wconf 86' lang='lat' dir='ltr'>Mensuras</span> <span class='ocrx_word' id='word_1_85' title='bbox 721 1388 733 1412; x_wconf 90' lang='lat'><em>,</em></span> <span class='ocrx_word' id='word_1_86' title='bbox 758 1341 886 1422; x_wconf 88' lang='lat' dir='ltr'>pondera</span> <span class='ocrx_word' id='word_1_87' title='bbox 904 1390 916 1415; x_wconf 88' lang='lat'><em>,</em></span> 
     </span>
     <span class='ocr_line' id='line_1_15' title="bbox 226 1421 913 1504; baseline 0.007 -24"><span class='ocrx_word' id='word_1_88' title='bbox 226 1421 321 1482; x_wconf 77' lang='lat' dir='ltr'>classes</span> <span class='ocrx_word' id='word_1_89' title='bbox 347 1468 356 1493; x_wconf 90' lang='lat'>,</span> <span class='ocrx_word' id='word_1_90' title='bbox 377 1422 569 1504; x_wconf 86' lang='lat' dir='ltr'>centuriasque</span> <span class='ocrx_word' id='word_1_91' title='bbox 589 1421 740 1483; x_wconf 87' lang='lat' dir='ltr'>constituit.</span> <span class='ocrx_word' id='word_1_92' title='bbox 769 1423 913 1500; x_wconf 80' lang='lat' dir='ltr'><strong>[Primus</strong></span> 
     </span>
     <span class='ocr_line' id='line_1_16' title="bbox 227 1500 915 1586; baseline 0.003 -24"><span class='ocrx_word' id='word_1_93' title='bbox 227 1505 358 1565; x_wconf 86' lang='lat' dir='ltr'>omnium</span> <span class='ocrx_word' id='word_1_94' title='bbox 375 1502 489 1563; x_wconf 87' lang='lat' dir='ltr'>censum</span> <span class='ocrx_word' id='word_1_95' title='bbox 509 1504 669 1576; x_wconf 88' lang='lat' dir='ltr'>ordinavit,</span> <span class='ocrx_word' id='word_1_96' title='bbox 683 1505 734 1586; x_wconf 91' lang='lat' dir='ltr'>qui</span> <span class='ocrx_word' id='word_1_97' title='bbox 752 1500 845 1563; x_wconf 89' lang='lat' dir='ltr'>adhuc</span> <span class='ocrx_word' id='word_1_98' title='bbox 864 1525 915 1584; x_wconf 84' lang='lat' dir='ltr'>per</span> 
     </span>
     <span class='ocr_line' id='line_1_17' title="bbox 225 1584 917 1668; baseline 0.004 -26"><span class='ocrx_word' id='word_1_99' title='bbox 225 1584 326 1645; x_wconf 84' lang='lat' dir='ltr'>orbem</span> <span class='ocrx_word' id='word_1_100' title='bbox 347 1604 480 1644; x_wconf 84' lang='lat' dir='ltr'>terrarum</span> <span class='ocrx_word' id='word_1_101' title='bbox 502 1587 665 1668; x_wconf 83' lang='lat' dir='ltr'>incognitus</span> <span class='ocrx_word' id='word_1_102' title='bbox 683 1585 771 1660; x_wconf 73' lang='lat' dir='ltr'>eran]</span> <span class='ocrx_word' id='word_1_103' title='bbox 796 1585 917 1645; x_wconf 77' lang='lat' dir='ltr'>Latino·</span> 
     </span>
     <span class='ocr_line' id='line_1_18' title="bbox 226 1664 915 1746; baseline 0.004 -22"><span class='ocrx_word' id='word_1_104' title='bbox 226 1686 289 1724; x_wconf 89' lang='lat' dir='ltr'>rum</span> <span class='ocrx_word' id='word_1_105' title='bbox 312 1666 422 1746; x_wconf 86' lang='lat' dir='ltr'>populis</span> <span class='ocrx_word' id='word_1_106' title='bbox 446 1664 610 1746; x_wconf 84' lang='lat' dir='ltr'>persuasit,</span> <span class='ocrx_word' id='word_1_107' title='bbox 636 1670 677 1726; x_wconf 91' lang='lat' dir='ltr'>uti</span> <span class='ocrx_word' id='word_1_108' title='bbox 701 1666 832 1745; x_wconf 84' lang='lat' dir='ltr'>exemplo</span> <span class='ocrx_word' id='word_1_109' title='bbox 857 1687 915 1727; x_wconf 89' lang='lat' dir='ltr'>eo-</span> 
     </span>
     <span class='ocr_line' id='line_1_19' title="bbox 226 1743 917 1828; baseline -0.001 -18"><span class='ocrx_word' id='word_1_110' title='bbox 226 1765 309 1817; x_wconf 82' lang='lat' dir='ltr'>rum,</span> <span class='ocrx_word' id='word_1_111' title='bbox 326 1748 377 1828; x_wconf 89' lang='lat' dir='ltr'>qui</span> <span class='ocrx_word' id='word_1_112' title='bbox 395 1747 496 1807; x_wconf 82' lang='lat' dir='ltr'>Dianae</span> <span class='ocrx_word' id='word_1_113' title='bbox 515 1745 644 1827; x_wconf 76' lang='lat' dir='ltr'>Ephesiae</span> <span class='ocrx_word' id='word_1_114' title='bbox 663 1746 751 1807; x_wconf 87' lang='lat' dir='ltr'>aedem</span> <span class='ocrx_word' id='word_1_115' title='bbox 770 1743 917 1822; x_wconf 76' lang='lat' dir='ltr'>fecissent,</span> 
     </span>
     <span class='ocr_line' id='line_1_20' title="bbox 225 1827 914 1907; baseline 0.001 -20"><span class='ocrx_word' id='word_1_116' title='bbox 225 1829 329 1907; x_wconf 86' lang='lat' dir='ltr'>&amp;ipsi</span> <span class='ocrx_word' id='word_1_117' title='bbox 355 1827 443 1886; x_wconf 85' lang='lat' dir='ltr'>aedem</span> <span class='ocrx_word' id='word_1_118' title='bbox 466 1829 567 1889; x_wconf 86' lang='lat' dir='ltr'>Dianae</span> <span class='ocrx_word' id='word_1_119' title='bbox 584 1832 622 1888; x_wconf 82' lang='lat' dir='ltr'>in</span> <span class='ocrx_word' id='word_1_120' title='bbox 648 1830 791 1890; x_wconf 82' lang='lat' dir='ltr'>Aventino</span> <span class='ocrx_word' id='word_1_121' title='bbox 815 1828 914 1888; x_wconf 85' lang='lat' dir='ltr'>aedifi-</span> 
     </span>
     <span class='ocr_line' id='line_1_21' title="bbox 226 1905 913 1984; baseline 0.006 -18"><span class='ocrx_word' id='word_1_122' title='bbox 226 1928 332 1969; x_wconf 57' lang='lat' dir='ltr'>carent.x</span> <span class='ocrx_word' id='word_1_123' title='bbox 349 1909 417 1984; x_wconf 91' lang='lat' dir='ltr'>Quo</span> <span class='ocrx_word' id='word_1_124' title='bbox 438 1905 564 1981; x_wconf 62' lang='lat' dir='ltr'>efferto,</span> <span class='ocrx_word' id='word_1_125' title='bbox 589 1911 641 1970; x_wconf 85' lang='lat' dir='ltr'>bos</span> <span class='ocrx_word' id='word_1_126' title='bbox 669 1909 782 1970; x_wconf 88' lang='lat' dir='ltr'>cuidam</span> <span class='ocrx_word' id='word_1_127' title='bbox 804 1909 913 1970; x_wconf 85' lang='lat' dir='ltr'>Latino</span> 
     </span>
     <span class='ocr_line' id='line_1_22' title="bbox 226 1988 914 2072; baseline 0.006 -25"><span class='ocrx_word' id='word_1_128' title='bbox 226 1992 302 2048; x_wconf 87' lang='lat' dir='ltr'>mirae</span> <span class='ocrx_word' id='word_1_129' title='bbox 335 1991 538 2072; x_wconf 84' lang='lat' dir='ltr'>magnitudinis</span> <span class='ocrx_word' id='word_1_130' title='bbox 568 2011 662 2061; x_wconf 87' lang='lat' dir='ltr'>nata,</span> <span class='ocrx_word' id='word_1_131' title='bbox 695 2000 722 2051; x_wconf 79' lang='grc' dir='ltr'>δι</span> <span class='ocrx_word' id='word_1_132' title='bbox 747 1988 914 2068; x_wconf 84' lang='lat' dir='ltr'>responsum</span> 
     </span>
     <span class='ocr_line' id='line_1_23' title="bbox 227 2068 914 2152; baseline 0.006 -23"><span class='ocrx_word' id='word_1_133' title='bbox 227 2068 329 2129; x_wconf 91' lang='lat' dir='ltr'>somno</span> <span class='ocrx_word' id='word_1_134' title='bbox 356 2069 479 2143; x_wconf 81' lang='lat' dir='ltr'>datum,</span> <span class='ocrx_word' id='word_1_135' title='bbox 512 2092 576 2131; x_wconf 89' lang='lat' dir='ltr'>eum</span> <span class='ocrx_word' id='word_1_136' title='bbox 605 2073 740 2152; x_wconf 82' lang='lat' dir='ltr'>populum</span> <span class='ocrx_word' id='word_1_137' title='bbox 768 2070 914 2133; x_wconf 87' lang='lat' dir='ltr'>summam</span> 
     </span>
     <span class='ocr_line' id='line_1_24' title="bbox 225 2149 915 2233; baseline 0.006 -23"><span class='ocrx_word' id='word_1_138' title='bbox 225 2152 337 2230; x_wconf 79' lang='lat' dir='ltr'>imperii</span> <span class='ocrx_word' id='word_1_139' title='bbox 360 2149 541 2224; x_wconf 84' lang='lat' dir='ltr'>habiturum,</span> <span class='ocrx_word' id='word_1_140' title='bbox 566 2158 642 2233; x_wconf 75' lang='lat' dir='ltr'>cujus</span> <span class='ocrx_word' id='word_1_141' title='bbox 663 2155 731 2213; x_wconf 88' lang='lat' dir='ltr'>civis</span> <span class='ocrx_word' id='word_1_142' title='bbox 749 2153 853 2212; x_wconf 91' lang='lat' dir='ltr'>bovem</span> <span class='ocrx_word' id='word_1_143' title='bbox 875 2152 915 2214; x_wconf 90' lang='lat' dir='ltr'>il-</span> 
     </span>
     <span class='ocr_line' id='line_1_25' title="bbox 225 2228 910 2295; baseline 0.007 -5"><span class='ocrx_word' id='word_1_144' title='bbox 225 2232 284 2290; x_wconf 91' lang='lat' dir='ltr'>lam</span> <span class='ocrx_word' id='word_1_145' title='bbox 298 2228 475 2293; x_wconf 68' lang='lat' dir='ltr'>immolilset.</span> <span class='ocrx_word' id='word_1_146' title='bbox 492 2236 609 2294; x_wconf 87' lang='lat' dir='ltr'>Latinus</span> <span class='ocrx_word' id='word_1_147' title='bbox 622 2234 727 2293; x_wconf 86' lang='lat' dir='ltr'>bovem</span> <span class='ocrx_word' id='word_1_148' title='bbox 738 2237 768 2294; x_wconf 87' lang='lat' dir='ltr'>in</span> <span class='ocrx_word' id='word_1_149' title='bbox 781 2234 910 2295; x_wconf 82' lang='lat' dir='ltr'>Aventi-</span> 
     </span>
     <span class='ocr_line' id='line_1_26' title="bbox 224 2314 912 2395; baseline 0.007 -24"><span class='ocrx_word' id='word_1_150' title='bbox 224 2333 293 2372; x_wconf 91' lang='lat' dir='ltr'>num</span> <span class='ocrx_word' id='word_1_151' title='bbox 318 2315 404 2395; x_wconf 81' lang='lat' dir='ltr'>egit,</span> <span class='ocrx_word' id='word_1_152' title='bbox 429 2323 456 2374; x_wconf 90' lang='lat'>&amp;</span> <span class='ocrx_word' id='word_1_153' title='bbox 478 2314 591 2374; x_wconf 85' lang='lat' dir='ltr'>causam</span> <span class='ocrx_word' id='word_1_154' title='bbox 614 2314 752 2374; x_wconf 88' lang='lat' dir='ltr'>sacerdoti</span> <span class='ocrx_word' id='word_1_155' title='bbox 773 2314 912 2376; x_wconf 89' lang='lat' dir='ltr'>Romano</span> 
     </span>
     <span class='ocr_line' id='line_1_27' title="bbox 224 2391 912 2477; baseline 0.007 -25"><span class='ocrx_word' id='word_1_156' title='bbox 224 2391 361 2477; x_wconf 80' lang='lat' dir='ltr'>exposuit.</span> <span class='ocrx_word' id='word_1_157' title='bbox 376 2393 427 2454; x_wconf 90' lang='lat' dir='ltr'>Ille</span> <span class='ocrx_word' id='word_1_158' title='bbox 441 2396 575 2466; x_wconf 88' lang='lat' dir='ltr'>callidus,</span> <span class='ocrx_word' id='word_1_159' title='bbox 591 2395 662 2455; x_wconf 85' lang='lat' dir='ltr'>dixit</span> <span class='ocrx_word' id='word_1_160' title='bbox 677 2395 750 2476; x_wconf 81' lang='lat' dir='ltr'>priris</span> <span class='ocrx_word' id='word_1_161' title='bbox 761 2417 826 2455; x_wconf 90' lang='lat' dir='ltr'>eum</span> <span class='ocrx_word' id='word_1_162' title='bbox 839 2398 912 2457; x_wconf 83' lang='lat' dir='ltr'>vivo</span> 
     </span>
     <span class='ocr_line' id='line_1_28' title="bbox 224 2476 911 2540; baseline 0.009 -7"><span class='ocrx_word' id='word_1_163' title='bbox 224 2477 341 2536; x_wconf 84' lang='lat' dir='ltr'>flumine</span> <span class='ocrx_word' id='word_1_164' title='bbox 369 2496 468 2536; x_wconf 89' lang='lat' dir='ltr'>manus</span> <span class='ocrx_word' id='word_1_165' title='bbox 503 2476 616 2536; x_wconf 84' lang='lat' dir='ltr'>abluere</span> <span class='ocrx_word' id='word_1_166' title='bbox 647 2476 755 2536; x_wconf 90' lang='lat' dir='ltr'>debere.</span> <span class='ocrx_word' id='word_1_167' title='bbox 790 2477 911 2540; x_wconf 87' lang='lat' dir='ltr'>Latinus</span> 
     </span>
     <span class='ocr_line' id='line_1_29' title="bbox 224 2555 912 2633; baseline 0.003 -18"><span class='ocrx_word' id='word_1_168' title='bbox 224 2556 293 2617; x_wconf 92' lang='lat' dir='ltr'>dum</span> <span class='ocrx_word' id='word_1_169' title='bbox 314 2556 351 2616; x_wconf 92' lang='lat' dir='ltr'>ad</span> <span class='ocrx_word' id='word_1_170' title='bbox 373 2555 502 2615; x_wconf 88' lang='lat' dir='ltr'>Tiberim</span> <span class='ocrx_word' id='word_1_171' title='bbox 523 2556 685 2628; x_wconf 87' lang='lat' dir='ltr'>descendit,</span> <span class='ocrx_word' id='word_1_172' title='bbox 705 2556 834 2618; x_wconf 87' lang='lat' dir='ltr'>sacerdos</span> <span class='ocrx_word' id='word_1_173' title='bbox 854 2558 912 2633; x_wconf 84' lang='lat' dir='ltr'>bo-</span> 
     </span>
     <span class='ocr_line' id='line_1_30' title="bbox 222 2638 910 2718; baseline 0.004 -23"><span class='ocrx_word' id='word_1_174' title='bbox 222 2659 289 2696; x_wconf 84' lang='lat' dir='ltr'>vem</span> <span class='ocrx_word' id='word_1_175' title='bbox 316 2638 485 2698; x_wconf 89' lang='lat' dir='ltr'>immolavit.</span> <span class='ocrx_word' id='word_1_176' title='bbox 516 2638 559 2697; x_wconf 92' lang='lat' dir='ltr'>Ita</span> <span class='ocrx_word' id='word_1_177' title='bbox 587 2638 736 2718; x_wconf 74' lang='lat' dir='ltr'>imperium</span> <span class='ocrx_word' id='word_1_178' title='bbox 764 2638 875 2698; x_wconf 90' lang='lat' dir='ltr'>civibus</span> <span class='ocrx_word' id='word_1_179' title='bbox 897 2685 910 2712; x_wconf 87' lang='lat'>,</span> 
     </span>
    </p>

    <p class='ocr_par' dir='ltr' id='par_1_3' title="bbox 222 2717 913 2943">
     <span class='ocr_line' id='line_1_31' title="bbox 222 2717 868 2800; baseline 0.002 -22"><span class='ocrx_word' id='word_1_180' title='bbox 222 2717 280 2779; x_wconf 81' lang='lat' dir='ltr'>sibi</span> <span class='ocrx_word' id='word_1_181' title='bbox 299 2717 420 2800; x_wconf 85' lang='lat' dir='ltr'>gloriam</span> <span class='ocrx_word' id='word_1_182' title='bbox 439 2717 516 2777; x_wconf 62' lang='lat' dir='ltr'>fasso</span> <span class='ocrx_word' id='word_1_183' title='bbox 537 2720 711 2800; x_wconf 86' lang='lat' dir='ltr'>consilioque</span> <span class='ocrx_word' id='word_1_184' title='bbox 730 2721 868 2800; x_wconf 86' lang='lat' dir='ltr'>quaesivit.</span> 
     </span>
     <span class='ocr_line' id='line_1_32' title="bbox 265 2797 910 2873; baseline 0.003 -13"><span class='ocrx_word' id='word_1_185' title='bbox 265 2799 376 2860; x_wconf 88' lang='lat' dir='ltr'>Servius</span> <span class='ocrx_word' id='word_1_186' title='bbox 394 2799 506 2860; x_wconf 89' lang='lat' dir='ltr'>Tullius</span> <span class='ocrx_word' id='word_1_187' title='bbox 521 2797 744 2862; x_wconf 79' lang='lat' dir='ltr'>filiamalreram</span> <span class='ocrx_word' id='word_1_188' title='bbox 763 2801 910 2873; x_wconf 85' lang='lat' dir='ltr'>ferocem,</span> 
     </span>
     <span class='ocr_line' id='line_1_33' title="bbox 802 2902 913 2943; baseline 0.018 -2"><span class='ocrx_word' id='word_1_189' title='bbox 802 2902 913 2943; x_wconf 85' lang='lat' dir='ltr'>mrtem</span> 
     </span>
    </p>
   </div>
   <div class='ocr_carea' id='block_1_3' title="bbox 0 0 1010 3616">
    <p class='ocr_par' dir='ltr' id='par_1_4' title="bbox 0 0 1010 3616">
     <span class='ocr_line' id='line_1_34' title="bbox 0 0 1010 3616; baseline 0 1"><span class='ocrx_word' id='word_1_190' title='bbox 0 0 1010 3616; x_wconf 95' lang='lat' dir='ltr'> </span> 
     </span>
    </p>
   </div>
  </div>
 </body>
</html>
