2056 3628
301 209 484 277 LIBER
533 204 633 278 III.
762 233 799 297 33

117 345 259 400 venerat,
282 329 369 389 etiam
389 347 487 388 contra
505 329 623 410 Ligures
645 329 720 389 intra
741 318 805 389 lta-

119 413 190 470 liam
212 410 319 469 bellum
361 407 449 468 estam
468 407 528 480 est,
545 418 573 469 &
591 409 625 468 de
645 407 688 470 his
703 411 807 470 trium-

119 489 251 572 phatum.
262 431 585 575 Cartfiaginiensesuim
600 491 705 551 bellum
719 511 805 572 repa-

119 592 181 632 rare
199 572 374 642 tentabant,
393 569 584 632 Sardinienses
599 618 610 642 ,
624 575 674 653 qui
688 593 722 632 ex
735 594 806 633 con—

120 653 233 714 ditione
255 654 331 732 pacis
354 652 493 711 Romanis
516 659 609 733 parere
636 653 804 726 debebant,

119 734 161 794 ad
178 733 374 794 rebellandum
393 733 577 813 impellentes.
598 734 689 795 Venit
707 752 805 796 tamen

121 817 231 898 legatio
250 812 532 898 Carthaginiensium
547 814 694 888 Romam,
714 825 742 877 δι
757 838 806 898 pa-

120 916 187 955 cem
206 912 375 974 impetravit.

165 978 230 1036 111.
249 976 320 1036 Tito
337 977 451 1036 Manlio
465 975 638 1059 Torquato,
658 977 735 1039 Caio
755 979 807 1039 At-

125 1059 189 1118 tilio
207 1058 300 1117 Bulbo
318 1056 515 1130 Consulibus,
536 1059 570 1118 de
589 1057 683 1119 Sardis
700 1062 806 1119 trium.-
853 1080 860 1092 ⁹

145 1137 246 1199 hatum
257 1136 317 1210 est3
334 1148 384 1210 δι,
400 1160 467 1218 pace
480 1140 614 1199 omnibus
628 1140 698 1200 locis
714 1139 807 1213 fastis,

123 1160 254 1289 liomnni
273 1220 382 1281 nullum
401 1220 507 1279 bellum
528 1218 686 1280 habuerunt
706 1243 712 1278 :
730 1220 808 1302 quod

124 1298 172 1360 his
189 1299 252 1381 post
264 1301 391 1361 Romam
411 1300 555 1361 conditam
575 1300 661 1361 semel
679 1302 810 1374 tantum,

125 1381 227 1443 Numi
244 1383 388 1462 Pompilio
406 1401 563 1465 regnante,
583 1384 747 1467 contigerat,

171 1463 232 1522 lv.
254 1463 355 1523 Lucius
371 1461 529 1524 Postumius
543 1464 685 1535 Albinus,
705 1455 813 1526 Cnaeus'
916 1484 920 1497 ·

126 1544 244 1603 Fulvius
255 1545 440 1606 Centumalus
452 1542 591 1607 Consules
609 1546 715 1605 bellum
734 1569 808 1606 con-

127 1645 172 1685 tra
191 1626 302 1706 Illyrios
319 1623 457 1710 gesserunt
467 1648 477 1697 3
501 1635 551 1697 δι,
573 1627 669 1686 multis
689 1629 812 1688 eivitati-

129 1706 183 1766 bus
214 1709 328 1787 captis,
356 1709 443 1768 etiam
468 1727 547 1790 reges
576 1709 607 1766 in
636 1707 811 1768 deditionem
869 1710 872 1723 ¹

127 1807 297 1868 accepenmt
321 1812 328 1844 ι
355 1810 387 1849 ac
409 1787 470 1849 nim
498 1786 621 1870 primtim
647 1787 682 1849 (le
709 1790 812 1870 Illyriis

131 1865 337 1949 triumphatum
358 1867 406 1929 est.

125 1976 128 1982 ·
172 1951 213 2011 V.
239 1950 330 2009 Lucio
364 1949 490 2012 AEmilio
527 1949 656 2011 Consule
686 1951 816 2033 ingentes

132 2031 286 2092 Gallorum
322 2034 409 2112 copiae
438 2034 524 2111 Alpes
551 2034 725 2092 transierunt.
759 2031 816 2093 Sed

132 2133 186 2193 pro
205 2112 344 2173 Romanis
358 2133 419 2172 tota
435 2113 517 2173 Italia
539 2110 700 2183 consensit3
722 2112 813 2172 tradi·

132 2213 254 2275 rumque
273 2191 313 2253 est
328 2191 447 2254 xaFabio
460 2192 615 2265 historico,
634 2195 683 2276 qui
700 2196 726 2253 ei
740 2194 817 2253 bello

132 2274 283 2346 interfuit,
301 2279 466 2359 ostingenta
482 2277 573 2335 millia
592 2273 741 2336 bominum
760 2297 815 2355 pa-

132 2376 195 2417 rata
214 2355 251 2416 ad
269 2355 299 2416 id
314 2357 420 2417 bellum
439 2354 525 2416 fuisse.
545 2357 602 2418 Sed
616 2378 659 2418 res
676 2378 724 2437 per
736 2356 819 2417 Con-

135 2435 209 2497 sules
232 2435 344 2497 tannim
382 2437 493 2517 rosperb
514 2436 589 2521 gesta
607 2437 646 2497 est
665 2461 672 2495 ε
690 2438 817 2517 quadra·x
878 2505 882 2516 ¹

135 2520 217 2601 ginta
243 2518 335 2578 millia
362 2460 484 2579 bostium
497 2520 655 2580 *interfecta
682 2516 768 2589 sunt,
791 2527 819 2579 &

135 2597 296 2679 triumphus
310 2597 435 2660 AEmilio
451 2600 584 2660 decretus.

176 2680 239 2740 Vl.
260 2680 381 2761 Aliquot
398 2682 500 2741 deinde
519 2683 600 2742 annis
618 2675 700 2760 pbst,
722 2700 820 2742 contra

132 2761 239 2825 Gallos
258 2763 334 2823 intra
352 2763 466 2824 Italiam
484 2759 723 2902 pugnatumBest,
749 2761 819 2827 fini-

681 2865 700 2905 v
