1972 3624
267 292 618 347 rrrronm
711 299 775 366 ,μ

96 415 172 456 nunc
191 392 268 456 haud
289 397 375 479 longe
395 397 502 457 Sirmio
516 399 621 456 eminet
640 396 722 456 locus'
733 416 781 475 pa·

96 478 168 536 latio
188 475 294 536 ibidem
317 476 495 548 consttutio,
514 480 564 536 ubi
583 494 708 557 parentet
723 481 781 555 ejus

98 557 266 617 exercebant
286 578 370 637 opera
389 561 565 618 mercenaria.
591 554 690 617 AEtate
711 558 782 616 inte-

97 638 145 695 riit
178 635 398 718 sexagenarius,
424 658 561 698 annorum
588 640 692 719 viginti
716 636 779 695 im-

97 736 217 797 perator.
240 719 348 780 Genuit
368 739 401 777 ex
421 717 557 799 Eutropii
574 717 644 798 Syrie
664 718 781 777 muliere

97 796 299 870 Maxentium,
319 807 346 858 dt
367 797 497 858 Faustam
517 804 666 882 conjugem
686 796 782 859 Cons-

99 882 189 948 tani3
221 886 297 959 cujus
326 882 398 959 patri
430 878 601 940 Constantio
631 878 783 939 tradiderat

98 957 286 1021 Theodoram
335 962 486 1042 rivignam.
517 959 573 1039 Sed
601 959 782 1020 Maxentium

101 1038 277 1119 suppositum
306 980 399 1100 drmit
424 1062 481 1101 arte
508 1042 658 1110 mulieris,
689 1059 782 1098 tenere

101 1122 198 1180 mariti
218 1124 345 1182 animum
365 1122 518 1181 laborantis
540 1120 667 1200 auspicio
682 1110 795 1201 gratis-⁸

103 1204 169 1265 simi
194 1200 287 1281 partire
313 1204 398 1281 coepti
419 1201 436 1261 ὲ
461 1202 596 1281 primnis
620 1200 782 1261 Maxentius

103 1303 183 1342 carus
205 1284 275 1343 nulii
303 1304 429 1363 unquam
451 1282 531 1349 fuit,
561 1302 596 1340 ne
622 1282 713 1363 patri,
731 1300 784 1363 aut

104 1361 203 1423 socero
228 1363 344 1444 quidem
375 1363 502 1423 Galerio.
531 1361 661 1422 Galerius
688 1380 784 1421 autem

104 1443 160 1503 fuit
180 1445 268 1515 (licet
284 1443 389 1505 inculti
405 1441 560 1526 agrestique
576 1439 700 1522 justini)
719 1440 785 1503 satis

95 1523 280 1594 domabilis,
307 1521 421 1604 pulcher
449 1543 590 1603 corpore,
617 1525 785 1585 eximius&

108 1604 175 1665 felix
195 1605 341 1676 bellator,
366 1622 442 1665 ortus
465 1605 626 1685 parentibus
648 1605 786 1685 agrariis,

106 1684 198 1766 pastor
222 1704 441 1755 armentorum,
469 1684 542 1744 unde
571 1687 597 1743 ei
623 1704 785 1765 cognomen

105 1767 297 1827 Armentarius
321 1765 385 1826 fuit.
411 1766 499 1825 Ortus
524 1763 616 1827 Dacid
643 1764 680 1824 Ri
700 1766 784 1835 ensi,

106 1848 203 1927 ibique
224 1846 344 1927 sepultus
366 1845 428 1918 est,
469 1867 535 1906 uem
554 1847 649 1907 locum
696 1866 783 1905 omu-

105 1928 213 1989 lianum
238 1949 272 1988 ex
294 1927 435 1988 vocabulo
449 1869 589 1986 tiiomuiat
618 1930 713 1986 marris
735 1947 752 1985 a

106 2008 231 2089 pellitur.
252 2009 279 2068 Is
297 2006 448 2069 insolenter
467 2008 604 2068 affirmare
623 2005 705 2066 ausus
724 1947 786 2078 eri,

106 2109 226 2149 matrem
247 2110 325 2148 more
343 2088 527 2169 Olympiadis
547 2087 700 2148 Alexandri
718 2087 787 2148 Ma·-

106 2172 158 2251 gni
182 2171 319 2228 creatricit
341 2166 526 2246 compressam
549 2169 670 2228 dracone
699 2168 788 2229 semet

107 2248 271 2329 concepisse.
291 2249 421 2309 Galerius
433 2250 610 2310 Maximinus
623 2247 717 2308 sorore
730 2248 788 2308 Ar-

107 2333 239 2390 mentarii
253 2332 434 2412 progenitus,
453 2351 502 2389 ver
543 2351 578 2389 ue
593 2332 710 2389 nomine
722 2345 788 2388 ante

106 2413 257 2484 imperium
267 2411 348 2470 Daca
358 2411 447 2469 didius
454 2420 465 2480 3
478 2409 529 2470 Cae
544 2409 768 2548 affladriemio
776 2454 788 2481 ,

108 2490 212 2552 dehinc
245 2513 293 2573 per
319 2492 468 2551 Orientem
498 2490 564 2569 Aug
626 2511 638 2548 s
666 2490 788 2549 triennio

108 2570 270 2643 fuit301tu
296 2573 410 2653 quidem
437 2589 520 2652 atque
545 2569 670 2629 instituto
693 2567 789 2650 pasto-

108 2655 182 2724 rali,
199 2653 296 2713 verum
310 2651 506 2734 sapientissimi
519 2648 650 2732 cujusque
661 2647 694 2710 a'c
707 2651 788 2710 litte·

108 2752 233 2794 rarorum
256 2735 363 2805 cultor,
379 2735 495 2817 ingenio
516 2735 632 2813 quieto,
650 2733 709 2791 vini
727 2734 790 2792 avi·

108 2814 181 2877 dior.
198 2816 267 2895 Quo
288 2815 379 2876 ebrius
401 2814 528 2896 quaedam
546 2810 674 2895 corrupti
694 2831 789 2873 mente
