<?xml version="1.0" encoding="UTF-8"?>
<!DOCTYPE html PUBLIC "-//W3C//DTD XHTML 1.0 Transitional//EN"
    "http://www.w3.org/TR/xhtml1/DTD/xhtml1-transitional.dtd">
<html xmlns="http://www.w3.org/1999/xhtml" xml:lang="en" lang="en">
 <head>
  <title>
</title>
<meta http-equiv="Content-Type" content="text/html;charset=utf-8" />
  <meta name='ocr-system' content='tesseract 3.04.00' />
  <meta name='ocr-capabilities' content='ocr_page ocr_carea ocr_par ocr_line ocrx_word'/>
</head>
<body>
  <div class='ocr_page' id='page_1' title='image "./eutropiisextaur01victgoog_0209.png"; bbox 0 0 1982 3614; ppageno 0'>
   <div class='ocr_carea' id='block_1_1' title="bbox 192 285 773 388">
    <p class='ocr_par' dir='ltr' id='par_1_1' title="bbox 192 285 773 388">
     <span class='ocr_line' id='line_1_1' title="bbox 192 285 773 388; baseline 0.007 -19"><span class='ocrx_word' id='word_1_1' title='bbox 192 285 194 289; x_wconf 63' lang='grc'>’</span> <span class='ocrx_word' id='word_1_2' title='bbox 260 307 328 388; x_wconf 80' lang='lat'>196</span> <span class='ocrx_word' id='word_1_3' title='bbox 400 296 773 373; x_wconf 79' lang='lat' dir='ltr'>AunVrcroa</span> 
     </span>
    </p>
   </div>
   <div class='ocr_carea' id='block_1_2' title="bbox 198 417 979 2847">
    <p class='ocr_par' dir='ltr' id='par_1_2' title="bbox 253 417 922 503">
     <span class='ocr_line' id='line_1_2' title="bbox 253 417 922 503; baseline 0.007 -24"><span class='ocrx_word' id='word_1_4' title='bbox 253 419 376 503; x_wconf 84' lang='lat' dir='ltr'>Legatos</span> <span class='ocrx_word' id='word_1_5' title='bbox 393 420 478 477; x_wconf 88' lang='lat' dir='ltr'>etiam</span> <span class='ocrx_word' id='word_1_6' title='bbox 494 418 531 477; x_wconf 89' lang='lat' dir='ltr'>ad</span> <span class='ocrx_word' id='word_1_7' title='bbox 540 417 689 491; x_wconf 84' lang='lat' dir='ltr'>Prusiam,</span> <span class='ocrx_word' id='word_1_8' title='bbox 704 440 736 480; x_wconf 88' lang='lat' dir='ltr'>ut</span> <span class='ocrx_word' id='word_1_9' title='bbox 745 420 922 484; x_wconf 81' lang='lat' dir='ltr'>Hannibalem</span> 
     </span>
    </p>

    <p class='ocr_par' dir='ltr' id='par_1_3' title="bbox 253 492 979 645">
     <span class='ocr_line' id='line_1_3' title="bbox 253 492 979 581; baseline -0.006 -21"><span class='ocrx_word' id='word_1_10' title='bbox 253 518 412 581; x_wconf 84' lang='lat' dir='ltr'>repeteret,</span> <span class='ocrx_word' id='word_1_11' title='bbox 431 495 534 558; x_wconf 87' lang='lat' dir='ltr'>miffus.</span> <span class='ocrx_word' id='word_1_12' title='bbox 792 520 796 525; x_wconf 76' lang='grc'>’</span> <span class='ocrx_word' id='word_1_13' title='bbox 978 492 979 573; x_wconf 60' lang='lat' dir='ltr'>J</span> 
     </span>
     <span class='ocr_line' id='line_1_4' title="bbox 295 580 979 645; baseline 0.004 -5"><span class='ocrx_word' id='word_1_14' title='bbox 295 581 365 640; x_wconf 90' lang='lat' dir='ltr'>LII.</span> <span class='ocrx_word' id='word_1_15' title='bbox 387 580 502 639; x_wconf 87' lang='lat' dir='ltr'>Marcus</span> <span class='ocrx_word' id='word_1_16' title='bbox 527 580 639 640; x_wconf 82' lang='lat' dir='ltr'>Fulvius</span> <span class='ocrx_word' id='word_1_17' title='bbox 662 581 799 642; x_wconf 84' lang='lat' dir='ltr'>Nobilior</span> <span class='ocrx_word' id='word_1_18' title='bbox 824 582 920 645; x_wconf 82' lang='lat' dir='ltr'>Consul</span> <span class='ocrx_word' id='word_1_19' title='bbox 978 622 979 633; x_wconf 29' lang='grc' dir='ltr'><strong>κ</strong></span> 
     </span>
    </p>

    <p class='ocr_par' dir='ltr' id='par_1_4' title="bbox 253 658 979 731">
     <span class='ocr_line' id='line_1_5' title="bbox 253 658 979 731; baseline 0.004 -10"><span class='ocrx_word' id='word_1_20' title='bbox 253 662 395 722; x_wconf 84' lang='lat' dir='ltr'>Oretanos</span> <span class='ocrx_word' id='word_1_21' title='bbox 406 658 438 719; x_wconf 91' lang='lat' dir='ltr'>su</span> <span class='ocrx_word' id='word_1_22' title='bbox 458 663 561 731; x_wconf 89' lang='lat' dir='ltr'>eravir,</span> <span class='ocrx_word' id='word_1_23' title='bbox 575 659 649 720; x_wconf 92' lang='lat' dir='ltr'>unde</span> <span class='ocrx_word' id='word_1_24' title='bbox 665 684 754 723; x_wconf 85' lang='lat' dir='ltr'>ovans</span> <span class='ocrx_word' id='word_1_25' title='bbox 766 664 874 726; x_wconf 87' lang='lat' dir='ltr'>Urbem</span> <span class='ocrx_word' id='word_1_26' title='bbox 886 668 921 723; x_wconf 90' lang='lat' dir='ltr'>in·</span> <span class='ocrx_word' id='word_1_27' title='bbox 978 660 979 667; x_wconf 38' lang='lat'>¹</span> 
     </span>
    </p>

    <p class='ocr_par' dir='ltr' id='par_1_5' title="bbox 253 681 922 822">
     <span class='ocr_line' id='line_1_6' title="bbox 253 681 922 822; baseline 0.001 -19"><span class='ocrx_word' id='word_1_28' title='bbox 253 744 341 803; x_wconf 88' lang='lat' dir='ltr'>troiit.</span> <span class='ocrx_word' id='word_1_29' title='bbox 355 681 608 813; x_wconf 64' lang='lat' dir='ltr'>CondlAEtolos,</span> <span class='ocrx_word' id='word_1_30' title='bbox 620 744 669 822; x_wconf 90' lang='lat' dir='ltr'>qui</span> <span class='ocrx_word' id='word_1_31' title='bbox 681 744 758 802; x_wconf 88' lang='lat' dir='ltr'>bello</span> <span class='ocrx_word' id='word_1_32' title='bbox 769 746 922 804; x_wconf 90' lang='lat' dir='ltr'>Macedoni·</span> 
     </span>
    </p>

    <p class='ocr_par' dir='ltr' id='par_1_6' title="bbox 252 819 922 902">
     <span class='ocr_line' id='line_1_7' title="bbox 252 819 922 902; baseline 0.004 -20"><span class='ocrx_word' id='word_1_33' title='bbox 252 846 288 882; x_wconf 91' lang='lat' dir='ltr'>co</span> <span class='ocrx_word' id='word_1_34' title='bbox 302 821 482 896; x_wconf 81' lang='lat' dir='ltr'>interfuerant</span> <span class='ocrx_word' id='word_1_35' title='bbox 497 868 506 892; x_wconf 90' lang='lat'>,</span> <span class='ocrx_word' id='word_1_36' title='bbox 533 819 595 902; x_wconf 91' lang='lat' dir='ltr'>post</span> <span class='ocrx_word' id='word_1_37' title='bbox 610 823 646 882; x_wconf 90' lang='lat' dir='ltr'>ad</span> <span class='ocrx_word' id='word_1_38' title='bbox 660 822 837 885; x_wconf 88' lang='lat' dir='ltr'>Antiochum</span> <span class='ocrx_word' id='word_1_39' title='bbox 852 825 898 887; x_wconf 83' lang='lat' dir='ltr'>def</span> <span class='ocrx_word' id='word_1_40' title='bbox 908 857 922 871; x_wconf 91' lang='lat'>·</span> 
     </span>
    </p>

    <p class='ocr_par' dir='ltr' id='par_1_7' title="bbox 253 901 921 983">
     <span class='ocr_line' id='line_1_8' title="bbox 253 901 921 983; baseline 0 -20"><span class='ocrx_word' id='word_1_41' title='bbox 253 906 371 975; x_wconf 80' lang='lat' dir='ltr'>terant,</span> <span class='ocrx_word' id='word_1_42' title='bbox 392 903 492 983; x_wconf 82' lang='lat' dir='ltr'>praeliis</span> <span class='ocrx_word' id='word_1_43' title='bbox 516 901 707 983; x_wconf 84' lang='lat' dir='ltr'>frequentibus</span> <span class='ocrx_word' id='word_1_44' title='bbox 728 907 837 978; x_wconf 71' lang='lat' dir='ltr'>victos,</span> <span class='ocrx_word' id='word_1_45' title='bbox 857 907 921 967; x_wconf 87' lang='lat' dir='ltr'>&amp;in</span> 
     </span>
    </p>

    <p class='ocr_par' dir='ltr' id='par_1_8' title="bbox 253 982 920 1064">
     <span class='ocr_line' id='line_1_9' title="bbox 253 982 920 1064; baseline -0.003 -18"><span class='ocrx_word' id='word_1_46' title='bbox 253 986 438 1047; x_wconf 84' lang='lat' dir='ltr'>Ambraciam</span> <span class='ocrx_word' id='word_1_47' title='bbox 458 982 594 1064; x_wconf 88' lang='lat' dir='ltr'>oppidum</span> <span class='ocrx_word' id='word_1_48' title='bbox 608 987 722 1044; x_wconf 75' lang='lat' dir='ltr'>coastos</span> <span class='ocrx_word' id='word_1_49' title='bbox 736 1031 746 1057; x_wconf 90' lang='lat'>,</span> <span class='ocrx_word' id='word_1_50' title='bbox 766 989 796 1045; x_wconf 93' lang='lat' dir='ltr'>in</span> <span class='ocrx_word' id='word_1_51' title='bbox 809 986 920 1046; x_wconf 90' lang='lat' dir='ltr'>deditio-</span> 
     </span>
    </p>

    <p class='ocr_par' dir='ltr' id='par_1_9' title="bbox 252 1065 920 1148">
     <span class='ocr_line' id='line_1_10' title="bbox 252 1065 920 1148; baseline -0.007 -20"><span class='ocrx_word' id='word_1_52' title='bbox 252 1089 320 1141; x_wconf 76' lang='lat' dir='ltr'>nem</span> <span class='ocrx_word' id='word_1_53' title='bbox 336 1067 465 1146; x_wconf 78' lang='lat' dir='ltr'>accepit3</span> <span class='ocrx_word' id='word_1_54' title='bbox 483 1080 579 1123; x_wconf 87' lang='lat' dir='ltr'>tamen</span> <span class='ocrx_word' id='word_1_55' title='bbox 595 1067 683 1147; x_wconf 85' lang='lat' dir='ltr'>signis</span> <span class='ocrx_word' id='word_1_56' title='bbox 699 1065 857 1148; x_wconf 83' lang='lat' dir='ltr'>tabulisque</span> <span class='ocrx_word' id='word_1_57' title='bbox 871 1069 920 1147; x_wconf 85' lang='lat' dir='ltr'>pic-</span> 
     </span>
    </p>

    <p class='ocr_par' dir='ltr' id='par_1_10' title="bbox 253 1144 920 1228">
     <span class='ocr_line' id='line_1_11' title="bbox 253 1144 920 1228; baseline -0.004 -19"><span class='ocrx_word' id='word_1_58' title='bbox 253 1151 290 1210; x_wconf 71' lang='lat' dir='ltr'>ris</span> <span class='ocrx_word' id='word_1_59' title='bbox 305 1146 453 1228; x_wconf 82' lang='lat' dir='ltr'>spoliavit,</span> <span class='ocrx_word' id='word_1_60' title='bbox 468 1145 502 1204; x_wconf 89' lang='lat' dir='ltr'>de</span> <span class='ocrx_word' id='word_1_61' title='bbox 515 1145 617 1227; x_wconf 89' lang='lat' dir='ltr'>quibus</span> <span class='ocrx_word' id='word_1_62' title='bbox 630 1144 823 1227; x_wconf 86' lang='lat' dir='ltr'>triumphavit.</span> <span class='ocrx_word' id='word_1_63' title='bbox 837 1150 920 1226; x_wconf 87' lang='lat' dir='ltr'>Quam</span> 
     </span>
    </p>

    <p class='ocr_par' dir='ltr' id='par_1_11' title="bbox 251 1224 922 1309">
     <span class='ocr_line' id='line_1_12' title="bbox 251 1224 922 1309; baseline -0.003 -19"><span class='ocrx_word' id='word_1_64' title='bbox 251 1232 402 1290; x_wconf 68' lang='lat' dir='ltr'>victoriam</span> <span class='ocrx_word' id='word_1_65' title='bbox 426 1224 521 1307; x_wconf 89' lang='lat' dir='ltr'>perse</span> <span class='ocrx_word' id='word_1_66' title='bbox 546 1224 764 1309; x_wconf 84' lang='lat' dir='ltr'>magnificam,</span> <span class='ocrx_word' id='word_1_67' title='bbox 796 1229 922 1306; x_wconf 71' lang='lat' dir='ltr'>Quindus</span> 
     </span>
    </p>

    <p class='ocr_par' dir='ltr' id='par_1_12' title="bbox 252 1302 979 1395">
     <span class='ocr_line' id='line_1_13' title="bbox 252 1302 979 1395; baseline -0.008 -23"><span class='ocrx_word' id='word_1_68' title='bbox 252 1302 363 1372; x_wconf 84' lang='lat' dir='ltr'>Ennius</span> <span class='ocrx_word' id='word_1_69' title='bbox 386 1311 493 1369; x_wconf 89' lang='lat' dir='ltr'>amicus</span> <span class='ocrx_word' id='word_1_70' title='bbox 515 1311 574 1386; x_wconf 86' lang='lat' dir='ltr'>ejus</span> <span class='ocrx_word' id='word_1_71' title='bbox 592 1351 607 1379; x_wconf 87' lang='grc'>,,</span> <span class='ocrx_word' id='word_1_72' title='bbox 625 1308 731 1391; x_wconf 82' lang='lat' dir='ltr'>insigni</span> <span class='ocrx_word' id='word_1_73' title='bbox 755 1309 838 1368; x_wconf 90' lang='lat' dir='ltr'>laude</span> <span class='ocrx_word' id='word_1_74' title='bbox 860 1309 921 1368; x_wconf 85' lang='lat' dir='ltr'>cele·</span> <span class='ocrx_word' id='word_1_75' title='bbox 978 1326 979 1395; x_wconf 62' lang='lat' dir='ltr'><strong>j</strong></span> 
     </span>
    </p>

    <p class='ocr_par' dir='ltr' id='par_1_13' title="bbox 251 1392 353 1452">
     <span class='ocr_line' id='line_1_14' title="bbox 251 1392 353 1452; baseline -0.029 0"><span class='ocrx_word' id='word_1_76' title='bbox 251 1392 353 1452; x_wconf 87' lang='lat' dir='ltr'>bravit.</span> 
     </span>
    </p>

    <p class='ocr_par' dir='ltr' id='par_1_14' title="bbox 198 1452 979 1795">
     <span class='ocr_line' id='line_1_15' title="bbox 198 1452 979 1549; baseline -0.003 -17"><span class='ocrx_word' id='word_1_77' title='bbox 198 1472 201 1480; x_wconf 89' lang='grc'><strong>’</strong></span> <span class='ocrx_word' id='word_1_78' title='bbox 292 1471 395 1532; x_wconf 71' lang='lat' dir='ltr'><strong>LIII:</strong></span> <span class='ocrx_word' id='word_1_79' title='bbox 409 1469 505 1549; x_wconf 82' lang='lat' dir='ltr'>Scipio</span> <span class='ocrx_word' id='word_1_80' title='bbox 528 1467 691 1539; x_wconf 88' lang='lat' dir='ltr'>Asiaticus,</span> <span class='ocrx_word' id='word_1_81' title='bbox 713 1468 798 1529; x_wconf 81' lang='lat' dir='ltr'>frater</span> <span class='ocrx_word' id='word_1_82' title='bbox 815 1470 920 1531; x_wconf 84' lang='lat' dir='ltr'>Africa·</span> <span class='ocrx_word' id='word_1_83' title='bbox 978 1452 979 1479; x_wconf 46' lang='lat'>¹</span> 
     </span>
     <span class='ocr_line' id='line_1_16' title="bbox 250 1550 922 1630; baseline -0.006 -17"><span class='ocrx_word' id='word_1_84' title='bbox 250 1555 302 1624; x_wconf 91' lang='lat' dir='ltr'>ni,</span> <span class='ocrx_word' id='word_1_85' title='bbox 321 1550 435 1612; x_wconf 89' lang='lat' dir='ltr'>infirmo</span> <span class='ocrx_word' id='word_1_86' title='bbox 455 1571 591 1630; x_wconf 85' lang='lat' dir='ltr'>corpore,</span> <span class='ocrx_word' id='word_1_87' title='bbox 612 1570 709 1609; x_wconf 87' lang='lat' dir='ltr'>tamen</span> <span class='ocrx_word' id='word_1_88' title='bbox 723 1552 753 1610; x_wconf 89' lang='lat' dir='ltr'>in</span> <span class='ocrx_word' id='word_1_89' title='bbox 766 1550 863 1611; x_wconf 68' lang='lat' dir='ltr'>Africa</span> <span class='ocrx_word' id='word_1_90' title='bbox 874 1553 922 1609; x_wconf 84' lang='lat' dir='ltr'>vir·</span> 
     </span>
     <span class='ocr_line' id='line_1_17' title="bbox 252 1629 922 1702; baseline -0.006 -9"><span class='ocrx_word' id='word_1_91' title='bbox 252 1637 319 1694; x_wconf 86' lang='lat' dir='ltr'>turis</span> <span class='ocrx_word' id='word_1_92' title='bbox 341 1634 459 1692; x_wconf 90' lang='lat' dir='ltr'>nomine</span> <span class='ocrx_word' id='word_1_93' title='bbox 483 1631 500 1689; x_wconf 75' lang='grc' dir='ltr'>ὲ</span> <span class='ocrx_word' id='word_1_94' title='bbox 520 1629 603 1690; x_wconf 83' lang='lat' dir='ltr'>fratre</span> <span class='ocrx_word' id='word_1_95' title='bbox 625 1631 776 1702; x_wconf 89' lang='lat' dir='ltr'>laudatus,</span> <span class='ocrx_word' id='word_1_96' title='bbox 798 1629 922 1700; x_wconf 83' lang='lat' dir='ltr'>Consul,</span> 
     </span>
     <span class='ocr_line' id='line_1_18' title="bbox 251 1711 922 1795; baseline -0.007 -20"><span class='ocrx_word' id='word_1_97' title='bbox 251 1711 427 1776; x_wconf 80' lang='lat' dir='ltr'>Antiochum</span> <span class='ocrx_word' id='word_1_98' title='bbox 452 1730 548 1794; x_wconf 82' lang='lat' dir='ltr'>regem</span> <span class='ocrx_word' id='word_1_99' title='bbox 570 1711 655 1791; x_wconf 82' lang='lat' dir='ltr'>Syriae</span> <span class='ocrx_word' id='word_1_100' title='bbox 668 1758 680 1781; x_wconf 93' lang='lat'>,</span> <span class='ocrx_word' id='word_1_101' title='bbox 703 1713 799 1795; x_wconf 86' lang='lat' dir='ltr'>legato</span> <span class='ocrx_word' id='word_1_102' title='bbox 825 1712 922 1781; x_wconf 88' lang='lat' dir='ltr'>fratte,</span> 
     </span>
    </p>

    <p class='ocr_par' dir='ltr' id='par_1_15' title="bbox 250 1791 923 1876">
     <span class='ocr_line' id='line_1_19' title="bbox 250 1791 923 1876; baseline -0.007 -19"><span class='ocrx_word' id='word_1_103' title='bbox 250 1796 326 1876; x_wconf 84' lang='lat' dir='ltr'>apud</span> <span class='ocrx_word' id='word_1_104' title='bbox 337 1796 367 1855; x_wconf 88' lang='lat' dir='ltr'>Si</span> <span class='ocrx_word' id='word_1_105' title='bbox 387 1794 466 1874; x_wconf 86' lang='lat' dir='ltr'>ylum</span> <span class='ocrx_word' id='word_1_106' title='bbox 479 1811 628 1862; x_wconf 89' lang='lat' dir='ltr'>montem,</span> <span class='ocrx_word' id='word_1_107' title='bbox 641 1792 706 1851; x_wconf 79' lang='lat' dir='ltr'>crim</span> <span class='ocrx_word' id='word_1_108' title='bbox 720 1812 799 1852; x_wconf 86' lang='lat' dir='ltr'>arcus</span> <span class='ocrx_word' id='word_1_109' title='bbox 810 1791 923 1853; x_wconf 86' lang='lat' dir='ltr'>hostiurn</span> 
     </span>
    </p>

    <p class='ocr_par' dir='ltr' id='par_1_16' title="bbox 251 1815 924 2036">
     <span class='ocr_line' id='line_1_20' title="bbox 251 1815 924 1967; baseline -0.01 -31"><span class='ocrx_word' id='word_1_110' title='bbox 251 1875 348 1960; x_wconf 74' lang='lat' dir='ltr'>pluvii</span> <span class='ocrx_word' id='word_1_111' title='bbox 368 1815 497 1934; x_wconf 77' lang='lat' dir='ltr'>irebetati</span> <span class='ocrx_word' id='word_1_112' title='bbox 522 1869 656 1944; x_wconf 79' lang='lat' dir='ltr'>fuiisent,</span> <span class='ocrx_word' id='word_1_113' title='bbox 678 1875 747 1933; x_wconf 84' lang='lat' dir='ltr'>vicit</span> <span class='ocrx_word' id='word_1_114' title='bbox 769 1896 778 1944; x_wconf 86' lang='lat'>3</span> <span class='ocrx_word' id='word_1_115' title='bbox 802 1872 924 1967; x_wconf 76' lang='lat' dir='ltr'>&amp;regni</span> 
     </span>
     <span class='ocr_line' id='line_1_21' title="bbox 251 1950 924 2036; baseline -0.01 -17"><span class='ocrx_word' id='word_1_116' title='bbox 251 1959 342 2019; x_wconf 64' lang='lat' dir='ltr'>relicti</span> <span class='ocrx_word' id='word_1_117' title='bbox 363 1954 379 2015; x_wconf 78' lang='grc' dir='ltr'>ὲ</span> <span class='ocrx_word' id='word_1_118' title='bbox 401 1972 477 2036; x_wconf 88' lang='lat' dir='ltr'>patre</span> <span class='ocrx_word' id='word_1_119' title='bbox 499 1971 576 2033; x_wconf 89' lang='lat' dir='ltr'>parte</span> <span class='ocrx_word' id='word_1_120' title='bbox 596 1955 720 2033; x_wconf 85' lang='lat' dir='ltr'>privavit.</span> <span class='ocrx_word' id='word_1_121' title='bbox 735 1977 743 2011; x_wconf 73' lang='grc' dir='ltr'><strong><em>ι</em></strong></span> <span class='ocrx_word' id='word_1_122' title='bbox 761 1950 828 2013; x_wconf 90' lang='lat' dir='ltr'>hinc</span> <span class='ocrx_word' id='word_1_123' title='bbox 846 1956 924 2015; x_wconf 82' lang='lat' dir='ltr'>Asta·</span> 
     </span>
    </p>

    <p class='ocr_par' dir='ltr' id='par_1_17' title="bbox 250 2010 979 2116">
     <span class='ocr_line' id='line_1_22' title="bbox 250 2010 979 2116; baseline -0.012 -18"><span class='ocrx_word' id='word_1_124' title='bbox 250 2041 321 2098; x_wconf 87' lang='lat' dir='ltr'>ricus</span> <span class='ocrx_word' id='word_1_125' title='bbox 339 2036 438 2095; x_wconf 68' lang='lat' dir='ltr'>didius.</span> <span class='ocrx_word' id='word_1_126' title='bbox 459 2033 525 2095; x_wconf 91' lang='lat' dir='ltr'>Post</span> <span class='ocrx_word' id='word_1_127' title='bbox 535 2044 602 2093; x_wconf 83' lang='lat' dir='ltr'>’reus</span> <span class='ocrx_word' id='word_1_128' title='bbox 618 2036 742 2114; x_wconf 73' lang='lat' dir='ltr'>pecunia</span> <span class='ocrx_word' id='word_1_129' title='bbox 756 2037 923 2116; x_wconf 73' lang='lat' dir='ltr'>intercepta,</span> <span class='ocrx_word' id='word_1_130' title='bbox 978 2010 979 2089; x_wconf 74' lang='lat' dir='ltr'>i</span> 
     </span>
    </p>

    <p class='ocr_par' dir='ltr' id='par_1_18' title="bbox 250 2092 979 2197">
     <span class='ocr_line' id='line_1_23' title="bbox 250 2092 979 2197; baseline -0.005 -18"><span class='ocrx_word' id='word_1_131' title='bbox 250 2122 287 2179; x_wconf 81' lang='lat' dir='ltr'>ire</span> <span class='ocrx_word' id='word_1_132' title='bbox 303 2120 333 2177; x_wconf 91' lang='lat' dir='ltr'>in</span> <span class='ocrx_word' id='word_1_133' title='bbox 347 2137 485 2177; x_wconf 86' lang='lat' dir='ltr'>carcerem</span> <span class='ocrx_word' id='word_1_134' title='bbox 506 2115 672 2185; x_wconf 85' lang='lat' dir='ltr'>duceretur,</span> <span class='ocrx_word' id='word_1_135' title='bbox 691 2112 924 2197; x_wconf 84' lang='lat' dir='ltr'>Gracchuspater</span> <span class='ocrx_word' id='word_1_136' title='bbox 978 2092 979 2175; x_wconf 78' lang='lat' dir='ltr'>i</span> 
     </span>
    </p>

    <p class='ocr_par' dir='ltr' id='par_1_19' title="bbox 249 2195 979 2277">
     <span class='ocr_line' id='line_1_24' title="bbox 249 2195 979 2277; baseline -0.005 -18"><span class='ocrx_word' id='word_1_137' title='bbox 249 2198 394 2259; x_wconf 83' lang='lat' dir='ltr'>Tribunus</span> <span class='ocrx_word' id='word_1_138' title='bbox 408 2198 497 2277; x_wconf 88' lang='lat' dir='ltr'>plebis</span> <span class='ocrx_word' id='word_1_139' title='bbox 513 2198 674 2255; x_wconf 87' lang='lat' dir='ltr'>intercessit.</span> <span class='ocrx_word' id='word_1_140' title='bbox 695 2196 739 2256; x_wconf 88' lang='lat' dir='ltr'>M.</span> <span class='ocrx_word' id='word_1_141' title='bbox 759 2195 838 2258; x_wconf 88' lang='lat' dir='ltr'>Cato</span> <span class='ocrx_word' id='word_1_142' title='bbox 853 2197 927 2259; x_wconf 88' lang='lat' dir='ltr'>Cen·</span> <span class='ocrx_word' id='word_1_143' title='bbox 978 2228 979 2231; x_wconf 34' lang='lat'>¹</span> 
     </span>
    </p>

    <p class='ocr_par' dir='ltr' id='par_1_20' title="bbox 248 2274 928 2437">
     <span class='ocr_line' id='line_1_25' title="bbox 248 2274 904 2360; baseline -0.011 -16"><span class='ocrx_word' id='word_1_144' title='bbox 248 2281 297 2344; x_wconf 89' lang='lat' dir='ltr'>sor</span> <span class='ocrx_word' id='word_1_145' title='bbox 313 2302 327 2339; x_wconf 91' lang='lat' dir='ltr'>e</span> <span class='ocrx_word' id='word_1_146' title='bbox 348 2300 386 2339; x_wconf 87' lang='lat' dir='ltr'>uu</span> <span class='ocrx_word' id='word_1_147' title='bbox 437 2280 463 2336; x_wconf 90' lang='lat' dir='ltr'>ei</span> <span class='ocrx_word' id='word_1_148' title='bbox 479 2278 646 2360; x_wconf 72' lang='lat' dir='ltr'>ignominiae</span> <span class='ocrx_word' id='word_1_149' title='bbox 666 2274 748 2335; x_wconf 70' lang='lat' dir='ltr'>causi</span> <span class='ocrx_word' id='word_1_150' title='bbox 764 2278 880 2338; x_wconf 87' lang='lat' dir='ltr'>ademit.</span> <span class='ocrx_word' id='word_1_151' title='bbox 900 2279 904 2285; x_wconf 80' lang='grc'><em>’</em></span> 
     </span>
     <span class='ocr_line' id='line_1_26' title="bbox 289 2301 928 2437; baseline -0.011 -15"><span class='ocrx_word' id='word_1_152' title='bbox 289 2301 380 2422; x_wconf 67' lang='lat' dir='ltr'>LIqV.</span> <span class='ocrx_word' id='word_1_153' title='bbox 411 2356 600 2428; x_wconf 87' lang='lat' dir='ltr'>Antiochus,</span> <span class='ocrx_word' id='word_1_154' title='bbox 626 2357 711 2437; x_wconf 79' lang='lat' dir='ltr'>Syria:</span> <span class='ocrx_word' id='word_1_155' title='bbox 734 2376 813 2428; x_wconf 86' lang='lat' dir='ltr'>rer,</span> <span class='ocrx_word' id='word_1_156' title='bbox 841 2355 928 2418; x_wconf 69' lang='lat' dir='ltr'>nimii</span> 
     </span>
    </p>

    <p class='ocr_par' dir='ltr' id='par_1_21' title="bbox 247 2437 928 2526">
     <span class='ocr_line' id='line_1_27' title="bbox 247 2437 928 2526; baseline -0.015 -19"><span class='ocrx_word' id='word_1_157' title='bbox 247 2464 335 2526; x_wconf 90' lang='lat' dir='ltr'>opum</span> <span class='ocrx_word' id='word_1_158' title='bbox 367 2439 470 2499; x_wconf 57' lang='lat' dir='ltr'>fiduci&amp;</span> <span class='ocrx_word' id='word_1_159' title='bbox 500 2439 607 2498; x_wconf 85' lang='lat' dir='ltr'>bellum</span> <span class='ocrx_word' id='word_1_160' title='bbox 635 2437 775 2497; x_wconf 86' lang='lat' dir='ltr'>Romanis</span> <span class='ocrx_word' id='word_1_161' title='bbox 804 2440 928 2509; x_wconf 87' lang='lat' dir='ltr'>intulit,</span> 
     </span>
    </p>

    <p class='ocr_par' dir='ltr' id='par_1_22' title="bbox 247 2513 928 2609">
     <span class='ocr_line' id='line_1_28' title="bbox 247 2513 928 2609; baseline -0.018 -21"><span class='ocrx_word' id='word_1_162' title='bbox 247 2528 338 2609; x_wconf 85' lang='lat' dir='ltr'>specie</span> <span class='ocrx_word' id='word_1_163' title='bbox 363 2518 549 2603; x_wconf 82' lang='lat' dir='ltr'>Lysimachiae</span> <span class='ocrx_word' id='word_1_164' title='bbox 577 2518 762 2599; x_wconf 73' lang='lat' dir='ltr'>repetunda,</span> <span class='ocrx_word' id='word_1_165' title='bbox 794 2540 882 2601; x_wconf 84' lang='lat' dir='ltr'>quam</span> <span class='ocrx_word' id='word_1_166' title='bbox 912 2513 928 2576; x_wconf 58' lang='grc' dir='ltr'><em>ἃ</em></span> 
     </span>
    </p>

    <p class='ocr_par' dir='ltr' id='par_1_23' title="bbox 247 2597 929 2686">
     <span class='ocr_line' id='line_1_29' title="bbox 247 2597 929 2686; baseline -0.016 -18"><span class='ocrx_word' id='word_1_167' title='bbox 247 2604 400 2686; x_wconf 88' lang='lat' dir='ltr'>majoribus</span> <span class='ocrx_word' id='word_1_168' title='bbox 423 2602 478 2662; x_wconf 85' lang='lat' dir='ltr'>suis</span> <span class='ocrx_word' id='word_1_169' title='bbox 500 2603 530 2660; x_wconf 92' lang='lat' dir='ltr'>in</span> <span class='ocrx_word' id='word_1_170' title='bbox 554 2597 680 2659; x_wconf 63' lang='lat' dir='ltr'>Thracii</span> <span class='ocrx_word' id='word_1_171' title='bbox 704 2599 851 2659; x_wconf 89' lang='lat' dir='ltr'>conditam</span> <span class='ocrx_word' id='word_1_172' title='bbox 872 2600 929 2660; x_wconf 87' lang='lat' dir='ltr'>Ro·</span> 
     </span>
    </p>

    <p class='ocr_par' dir='ltr' id='par_1_24' title="bbox 245 2679 930 2847">
     <span class='ocr_line' id='line_1_30' title="bbox 245 2679 929 2765; baseline -0.013 -16"><span class='ocrx_word' id='word_1_173' title='bbox 245 2690 326 2749; x_wconf 85' lang='lat' dir='ltr'>mani</span> <span class='ocrx_word' id='word_1_174' title='bbox 341 2682 523 2765; x_wconf 88' lang='lat' dir='ltr'>possidebant</span> <span class='ocrx_word' id='word_1_175' title='bbox 536 2702 547 2753; x_wconf 79' lang='lat'>3</span> <span class='ocrx_word' id='word_1_176' title='bbox 561 2679 711 2760; x_wconf 91' lang='lat' dir='ltr'>statimque</span> <span class='ocrx_word' id='word_1_177' title='bbox 728 2679 872 2740; x_wconf 85' lang='lat' dir='ltr'>Graeciam</span> <span class='ocrx_word' id='word_1_178' title='bbox 888 2683 929 2740; x_wconf 88' lang='lat' dir='ltr'>in-</span> 
     </span>
     <span class='ocr_line' id='line_1_31' title="bbox 249 2757 930 2847; baseline -0.013 -17"><span class='ocrx_word' id='word_1_179' title='bbox 249 2766 376 2847; x_wconf 85' lang='lat' dir='ltr'>sulasque</span> <span class='ocrx_word' id='word_1_180' title='bbox 400 2771 457 2843; x_wconf 85' lang='lat' dir='ltr'>ejus</span> <span class='ocrx_word' id='word_1_181' title='bbox 480 2763 637 2842; x_wconf 87' lang='lat' dir='ltr'>occupavit.</span> <span class='ocrx_word' id='word_1_182' title='bbox 662 2761 696 2819; x_wconf 93' lang='lat' dir='ltr'>In</span> <span class='ocrx_word' id='word_1_183' title='bbox 718 2757 831 2820; x_wconf 62' lang='lat' dir='ltr'>Euboea</span> <span class='ocrx_word' id='word_1_184' title='bbox 849 2764 930 2821; x_wconf 83' lang='lat' dir='ltr'>iuxu-</span> 
     </span>
    </p>
   </div>
   <div class='ocr_carea' id='block_1_3' title="bbox 249 2842 930 2935">
    <p class='ocr_par' dir='ltr' id='par_1_25' title="bbox 249 2842 930 2935">
     <span class='ocr_line' id='line_1_32' title="bbox 249 2842 930 2935; baseline -0.016 -22"><span class='ocrx_word' id='word_1_185' title='bbox 249 2851 291 2913; x_wconf 69' lang='lat' dir='ltr'>ria</span> <span class='ocrx_word' id='word_1_186' title='bbox 320 2848 454 2935; x_wconf 80' lang='lat' dir='ltr'>elanguit.</span> <span class='ocrx_word' id='word_1_187' title='bbox 483 2844 614 2906; x_wconf 82' lang='lat' dir='ltr'>Adventu</span> <span class='ocrx_word' id='word_1_188' title='bbox 646 2842 733 2903; x_wconf 87' lang='lat' dir='ltr'>Acilii</span> <span class='ocrx_word' id='word_1_189' title='bbox 765 2843 930 2904; x_wconf 84' lang='lat' dir='ltr'>Glabrionis</span> 
     </span>
    </p>
   </div>
   <div class='ocr_carea' id='block_1_4' title="bbox 0 0 996 3614">
    <p class='ocr_par' dir='ltr' id='par_1_26' title="bbox 0 0 996 3614">
     <span class='ocr_line' id='line_1_33' title="bbox 0 0 996 3614; baseline 0 1"><span class='ocrx_word' id='word_1_190' title='bbox 0 0 996 3614; x_wconf 95' lang='lat' dir='ltr'> </span> 
     </span>
    </p>
   </div>
  </div>
 </body>
</html>
