2056 3628
209 251 253 311 62
378 242 695 309 Euruorrr

208 365 298 434 vicit,
314 370 341 423 &
361 362 464 421 Lucius
482 360 628 419 Domitius
647 359 759 419 Praetor.
782 357 809 420 A
829 360 898 421 Ser-

209 447 275 504 torii
293 444 362 504 duce
382 442 525 503 Hirtuleio
542 442 689 500 Domitius
702 437 810 501 occisus
828 442 895 501 est:

210 526 344 586 Metellus
365 527 445 584 vario
471 518 591 583 successu
614 541 712 582 contra
736 522 895 583 Sertorium

211 608 367 667 dimicavit.
390 603 488 665 Postea
508 602 571 663 etim
591 606 682 684 impar
697 624 797 687 pugmc
815 602 897 665 solus

210 688 344 749 Metellus
359 706 516 768 putaretur,
532 685 590 747 Cn.
604 685 756 766 Pompeius
768 685 805 745 ad
820 683 896 746 His-

92 772 100 788 *
210 773 308 851 panias
329 764 423 828 milsus
441 766 488 828 est.
504 767 549 827 Ita-
570 766 679 826 duobus
700 766 816 828 ducibus
838 766 896 826 ad·

210 853 317 924 versis,
339 851 475 911 Sertorius
497 848 611 907 fortuni
629 846 707 909 varii
727 845 797 928 saepe
813 869 849 929 pu
876 884 894 896 -

209 935 298 993 havit.
321 933 435 992 Odiavo
454 930 569 991 demum
584 951 660 991 armo
679 927 766 989 *asuis
785 869 896 991 occisa

211 1011 271 1086 est,
298 1024 325 1075 δι
352 1012 415 1074 finis
443 1014 468 1071 ei
494 1012 569 1070 bello
595 1010 675 1071 datus
698 1008 737 1069 est
762 1031 810 1091 per
832 1010 893 1073 Cn.

211 1096 381 1176 Pompeium
396 1092 621 1164 adolescentem,
635 1092 815 1170 &Quintum
826 1093 896 1155 Me-

210 1178 309 1237 tellum
326 1177 408 1236 Pium
432 1199 439 1233 :
461 1195 490 1235 at
511 1196 545 1234 ue
562 1194 662 1234 omnes
684 1174 771 1256 prope
788 1172 896 1255 Hispa-

210 1262 264 1319 niae
285 1262 315 1318 in
337 1258 477 1319 ditionem
491 1197 603 1336 tiiopuli
627 1255 755 1316 Romani
777 1255 898 1318 redactae

210 1338 300 1482 sunsl.
321 1420 369 1480 Ad
390 1419 595 1483 Macedoniam
615 1415 711 1478 milsus
728 1416 767 1477 est
786 1418 898 1501 Appius

214 1502 362 1564 Claudius.
390 1500 456 1560 Post
488 1501 678 1562 Consulatum
703 1499 776 1560 levia
800 1501 896 1580 praelia

214 1581 315 1644 habuit
339 1601 435 1642 contra
454 1585 544 1643 varias
563 1601 676 1665 gentes,
694 1603 756 1664 quae
775 1579 897 1643 Rhodo-

214 1662 281 1746 pam
312 1665 488 1747 provinciam
520 1664 682 1723 incolebam
710 1687 718 1721 t
742 1683 825 1745 atque
852 1665 897 1724 ibi

195 1748 319 1806 ¹morbo
345 1764 470 1805 mortuus
494 1742 541 1805 est.
570 1746 676 1804 Missus
704 1745 730 1803 ei
762 1740 900 1805 successor

214 1827 274 1890 Cn.
293 1827 455 1911 Scribonius
476 1825 566 1888 Curio
587 1824 648 1907 post
675 1824 864 1887 Consulatum
887 1851 896 1885 t

215 1912 239 1970 is
252 1909 403 1971 Daidanos
419 1910 509 1980 vicit,
526 1916 553 1969 δι
570 1906 708 1990 usquead
728 1908 897 1968 Danubium

216 1994 393 2071 penetravit;
406 1987 636 2071 triumphumque
650 1990 771 2061 meruit,
783 1997 810 2050 &
822 1990 897 2050 intra

214 2074 368 2132 triennium
391 2069 477 2131 finem
499 2071 576 2130 bello
596 2070 682 2130 dedit.

256 2153 309 2212 ΙΙΙ.
331 2153 377 2213 Ad
396 2151 532 2213 Ciliciam
553 2161 580 2213 &
604 2153 674 2212 Pam
696 2149 805 2232 hyliam
826 2154 897 2212 mis-

216 2233 261 2294 sus
283 2232 323 2293 est
338 2235 369 2294 P.
388 2233 520 2293 Servilius
542 2256 576 2293 ex
594 2173 744 2304 cortile,
767 2235 809 2292 vir
829 2231 900 2292 stre·

215 2337 296 2375 nuus.
326 2315 353 2375 ls
378 2313 514 2375 Ciliciam
541 2314 678 2398 subegit,
703 2315 796 2409 Lyciae
817 2316 900 2374 urbes

216 2398 383 2456 clarissimas
406 2399 603 2479 oppugnavit,
624 2405 651 2456 &
675 2414 748 2477 cepit
771 2419 778 2454 t
803 2396 834 2456 in
855 2395 902 2456 his

217 2476 413 2548 Phaselidem,
423 2477 581 2560 Olympum
592 2524 601 2548 ,
612 2478 759 2560 Corycum
776 2477 901 2538 Ciliciae.

217 2558 328 2622 Isauros
343 2574 464 2642 *quoque
487 2555 649 2644 aggressus,
670 2563 700 2620 in
723 2559 900 2620 deditionem

214 2640 325 2724 redegit
342 2661 446 2723 :atque
463 2644 535 2702 intra
547 2643 700 2701 triennium
718 2642 794 2701 bello
813 2640 903 2702 linem

218 2722 305 2781 dedit.
340 2724 450 2783 Primus
484 2725 614 2783 omnium
642 2722 839 2783 Romanomm
869 2723 903 2781 iu

214 2802 316 2862 Tauro
345 2807 396 2863 iter
425 2803 501 2864 fecit.
528 2806 700 2877 Revertens,
725 2804 903 2888 triumphum

220 2885 347 2965 accepit,
369 2894 396 2946 &
412 2907 517 2947 nomen
534 2884 648 2947 Isaurici
668 2888 780 2949 meruit.
