1982 3614
220 219 285 270 ns
315 203 657 271 CAEsAutaus'.
710 212 775 290 251

95 321 249 403 sepulcro,
271 327 414 403 (quem)
435 318 507 380 aded
530 322 727 401 percoluetat‚
749 326 782 381 ut

96 410 154 482 ejus
172 401 264 486 gratii
274 401 473 464 Commodum
484 405 558 461 inter
575 402 666 462 Divos
682 401 781 461 referri

96 483 235 555 suaserit,
255 483 372 543 fratrem
395 483 537 563 appellans
555 506 565 553 3
590 483 780 565 Bassianoque

95 567 240 629 Antonini
261 565 433 625 vocabulum
457 564 594 624 addiderit
615 587 624 634 3
645 566 723 646 quod
745 586 781 625 ex

94 648 145 707 illo
166 644 229 727 post
251 645 363 706 multos
376 643 532 726 dubiosque
553 664 687 718 eventus,
708 645 776 705 aus·

113 730 168 788 icia
202 725 345 786 honorum
379 722 489 807 cepiffet
517 729 673 805 patrocinio
705 725 776 787 fisci.

92 749 220 871 irniside
232 808 426 867 laborantibus
441 803 624 867 secundarum
640 809 720 868 initia
730 828 779 869 ea-

95 910 216 971 rumque
237 887 361 948 audotes
381 890 524 948 memotiae
544 886 616 948 sunt.

134 972 175 1031 At
196 967 320 1051 posteri,
337 972 416 1049 quasi
435 969 541 1028 bellum
556 971 628 1029 inter
648 967 676 1028 se
696 989 779 1031 man-

94 1051 167 1112 datis
191 1047 356 1131 accepiffent
369 1047 551 1119 ,·confestim
574 1047 710 1111 seceffdte.
734 1051 779 1112 Ita

95 1131 196 1203 Geta,
216 1134 262 1191 cui
285 1151 390 1191 nomen
410 1150 527 1212 patemo
551 1132 586 1189 ab
615 1153 669 1191 avo
693 1151 776 1203 etat,

95 1212 159 1273 etim
181 1217 240 1291 ejus
259 1209 428 1272 modestiore
451 1214 567 1293 ingenio
587 1210 670 1270 frater
690 1233 726 1271 an
748 1232 779 1271 e-

50 1292 56 1301 ’
93 1314 190 1364 retur,
210 1289 332 1353 obsess'us
351 1294 465 1351 interiit.
487 1292 559 1368 Quae
580 1294 697 1352 victoria
717 1234 781 1353 iga-

94 1378 206 1456 piniani
218 1377 304 1434 exitio
322 1373 424 1433 foedior
437 1371 534 1444 fasta,
550 1391 581 1431 ut
597 1371 664 1432 sani
680 1391 779 1454 putant

95 1459 241 1516 memoriae
269 1457 371 1514 curiosi
389 1501 401 1524 ‚
432 1457 481 1534 qui
520 1475 534 1512 e
569 1474 654 1534 quem
686 1453 779 1517 ferunt

95 1538 145 1596 iilo
174 1556 302 1617 tempore
333 1535 459 1595 Bassiani
482 1475 589 1594 Iiitiitia
617 1534 750 1596 cutaviise
765 1583 779 1610 ,

95 1622 317 1698 monitumque,
333 1619 374 1676 uti
386 1637 449 1677 mos
462 1614 501 1675 est
515 1662 524 1688 ,
538 1614 702 1676 destinando
716 1618 778 1678 Ro-
866 1635 872 1655 ‘

95 1720 176 1760 mam
196 1720 282 1840 quam
300 1696 441 1757 celerrimi
459 1717 662 1778 componeret,
678 1698 779 1760 dolore

95 1781 177 1841 Getae
218 1775 292 1839 ixiffe
312 1803 318 1836 :
338 1775 558 1860 haudquaquam
576 1782 635 1858 pati
652 1779 779 1841 facilita-

95 1879 121 1922 te
139 1861 231 1923 velati
270 1858 455 1931 atricidiuni‚
477 1857 534 1940 qui
553 1856 653 1918 fieret:
672 1860 779 1933 idcirco

95 1962 189 2004 morte
248 1945 351 2001 edium.
368 1940 424 2001 Sed
446 1937 505 1999 haec
518 1939 647 2020 improbi
659 1938 780 2003 absurda

95 2022 160 2085 sunt
172 2069 183 2095 ,
197 2021 262 2082 edm
276 2020 382 2082 constet
397 2020 461 2082 satis
475 2067 487 2090 ,
501 2018 696 2082 Praefediutam
710 2021 782 2092 Prae÷

94 2110 173 2166 totio
187 2100 296 2188 gessisse
311 2149 322 2173 ,
333 2122 424 2184 neque
436 2101 580 2163 inconditi
593 2101 673 2162 ilium
686 2106 779 2166 virum

94 2204 207 2246 tantam
233 2185 434 2245 contumeliam
459 2188 604 2265 imponere
630 2182 746 2264 potuiffe
765 2232 779 2257 ‚

93 2269 141 2327 cui
159 2269 254 2326 amori
276 2287 308 2325 ac
328 2264 488 2365 magisterio
506 2284 573 2326 etat.

134 2348 243 2409 XXI.
277 2346 418 2408 Caeterum
441 2348 603 2410 Antoninus
631 2345 778 2430 incogniti

96 2448 247 2490 munerum
272 2427 363 2508 specie
388 2428 486 2487 urbem
513 2428 676 2487 Romanam
700 2429 777 2506 adji-

96 2513 174 2571 ciens
189 2556 202 2580 ,
229 2508 307 2590 quod
329 2509 493 2570 indumenta
517 2510 548 2568 in
569 2507 641 2568 talos
663 2506 780 2571 demiffa

96 2592 277 2675 laguenas,
303 2590 451 2652 Caracalla
476 2588 566 2650 dinus
589 2633 601 2657 ,
630 2586 694 2650 edm
719 2594 779 2672 pati

97 2673 190 2732 modo
206 2669 292 2733 vestes
303 2672 480 2732 Antonianas
493 2671 609 2730 nomine
623 2668 673 2730 suo
691 2670 778 2734 daret.

96 2753 278 2816 Alamannos
298 2772 411 2837 gentem
432 2748 623 2894 popidosamL,
649 2774 683 2849 5¹
706 2775 779 2838 equo

632 2854 660 2916 VJ
