1972 3624
202 242 270 308 310
320 211 445 284 Aun.
474 213 755 284 Vrcroars

198 356 299 399 mento
319 333 446 417 quodam
470 335 586 394 virtutes
611 331 749 395 miscuiffe
770 333 888 396 videre·
950 340 975 417 ᾗ

118 418 125 439 '
199 436 245 479 tur
257 442 268 487 3
291 419 345 477 nisi
357 412 436 497 qubd
450 416 516 474 cibo
531 417 657 497 vinoque
671 415 819 496 paululum
837 416 892 477 de··
974 432 975 435 ’

199 499 276 561 ditus
301 517 370 558 erar.
393 497 532 557 Liberalis
553 498 584 556 in
609 498 739 568 amicos,
764 507 793 558 &
817 517 886 559 tan-
974 520 975 567 3

200 602 287 663 quam
314 580 378 638 vitae
404 577 569 637 conditione
593 597 669 656 par,
705 576 888 642 societatibus

199 660 313 743 perfrui.
331 658 389 718 Hic
406 658 445 718 ob
463 656 601 719 honorem
614 659 713 731 Surae,
734 665 813 739 cujus
830 659 888 720 stu·
974 682 975 725 l

199 741 250 802 dio
266 742 417 820 imperium
427 741 601 820 arripuerat,
618 740 732 800 lavacra
747 740 887 803 condidit,
974 750 975 823 ζ

198 822 247 885 De
278 843 337 904 quo
367 819 603 900 supervacaneum
637 821 749 882 viderur
785 827 893 885 cuneta.

199 902 274 965 velle
300 904 473 963 nominatim
501 902 642 983 prodere,
670 901 735 962 edm
758 900 827 963 satis
852 906 889 964 sit
974 902 975 975 ἶ

199 985 343 1046 excultum
368 1002 452 1064 arque
479 982 662 1043 emendatum
690 980 797 1044 dixille.
823 985 888 1046 Fuit
974 980 975 1051 ζ

200 1069 279 1126 enim
293 1069 401 1146 patiens
413 1065 544 1136 laboriu,
565 1063 704 1125 studiosus
721 1067 828 1146 optimi
841 1088 887 1127 cu·
974 1064 975 1075 ¹

199 1146 300 1230 iusque
318 1170 351 1208 ac
367 1146 494 1206 bellicosi
505 1169 515 1217 3
527 1147 621 1229 magis
640 1147 815 1227 simpliciora
836 1151 883 1208 in-

202 1232 287 1313 genia
301 1249 348 1289 aut
361 1227 588 1301 eruditissimos,
608 1231 738 1310 quamvis
750 1228 811 1309 ipse
824 1251 886 1309 par·

201 1332 242 1371 σε
267 1308 332 1369 effer
353 1308 473 1370 scientiae
498 1308 698 1391 moderateque
721 1310 888 1392 eloquens,
974 1344 975 1387 3

201 1390 350 1475 diligebat.
376 1389 492 1451 lustitiae
515 1389 584 1450 verb
610 1413 643 1450 ae
673 1393 740 1470 juris
767 1389 886 1455 humani

201 1470 349 1554 divinique
368 1490 427 1531 tam
446 1490 568 1551 repertor
588 1474 682 1542 novi,
702 1470 792 1554 quiem
810 1476 889 1534 inve

202 1557 284 1614 retati
301 1551 401 1614 custos.
422 1552 495 1630 Quae
514 1555 614 1613 omnia
630 1550 669 1612 eb
686 1559 798 1634 majora
816 1553 885 1615 vise·

202 1634 330 1706 bantur,
351 1636 489 1716 quoniam
508 1655 557 1714 per
574 1635 679 1694 multos
698 1653 785 1716 atque
804 1654 887 1696 atro-n
974 1672 975 1677 κ

202 1737 249 1776 ces
268 1735 403 1798 tyrannos
420 1715 533 1796 perdito
554 1735 638 1797 atque
658 1714 798 1796 prostrato
815 1716 884 1778 statu
974 1728 975 1789 ζ

200 1797 362 1869 Romano,
386 1800 416 1856 in
438 1796 597 1857 remedium
619 1816 762 1858 tantorum
787 1800 886 1859 malo-⁴
974 1794 975 1847 ἒ

202 1899 266 1939 rum
280 1875 412 1939 divinitus
428 1877 591 1949 ¹credebatur
606 1880 765 1959 opportune
783 1878 887 1951 detnsa
974 1886 975 1957 j

204 1958 292 2042 usque
321 1959 387 2032 ed,
417 1978 449 2019 ut
472 1959 624 2020 adveniens
649 1961 801 2041 imperium
829 1965 886 2040 ejus
974 1986 975 1999 ¹

204 2041 335 2123 pleraque
358 2037 478 2101 mirifica
502 2041 741 2102 denunciaverint
766 2042 802 2102 ln
823 2041 885 2124 quis
974 2058 975 2087 ³

203 2125 397 2204 precipuum,
419 2124 563 2182 cornicem
581 2121 597 2181 ὲ
613 2119 728 2206 fastigio
745 2122 886 2205 Capitolii
974 2142 975 2175 l

204 2203 307 2264 Atticis
330 2201 508 2264 sermonibus
531 2199 647 2264 effatam
674 2201 727 2265 elle
742 2250 755 2276 ,
782 2207 886 2271 καλῶς

204 2283 284 2353 leat.
313 2284 406 2364 Hujus
431 2283 519 2344 exusti
537 2287 661 2366 corporis
681 2287 787 2346 cineres
808 2287 887 2347 relati

204 2364 353 2439 Romam,
372 2362 537 2448 humatique
549 2365 671 2445 Trajani
687 2365 750 2428 foro
764 2365 817 2427 sub
830 2371 887 2447 ejus

204 2446 364 2519 columnd,
390 2455 417 2507 δι
440 2449 539 2531 imago
572 2447 773 2529 superposita,
805 2450 886 2510 sicuti
974 2446 975 2465 ³

205 2528 408 2612 triumphantes
428 2526 540 2600 solent,
563 2530 595 2590 in
615 2530 726 2592 Urbem
751 2531 863 2590 invedh
875 2574 889 2601 ,
974 2532 975 2545 ¹

205 2606 311 2677 Senatu
324 2629 461 2692 praeeunte
478 2619 506 2671 δι
524 2611 655 2671 exercitu.
673 2611 719 2671 Eo
737 2629 888 2692 ternpore,
974 2654 975 2669 t

206 2692 297 2759 multo
312 2687 514 2773 perniciosids,
534 2690 620 2774 qubm
637 2689 688 2751 sub
698 2691 817 2764 Nervi,
835 2691 866 2756 T
866 2694 890 2751 ia

206 2772 279 2835 beris
294 2773 463 2846 inundavit,
485 2773 592 2859 magni
607 2773 687 2835 clade
704 2772 809 2861 adium
826 2796 889 2856 pro·¹
974 2792 975 2815 ³
