1982 3614
209 312 278 363 ot
307 296 644 366 cautinus.
697 298 760 363 281

90 436 161 496 quos
185 416 344 474 intantum
367 416 570 485 afflisiaverat,
592 416 633 474 uti
658 415 766 475 Praeto-

90 498 176 556 tinnis
203 495 307 569 cadem
334 497 413 579 vulgi
439 497 583 578 quondam
613 498 768 569 annuerit,

90 574 252 657 primusque
266 574 390 635 instituto
407 579 527 654 pessimo
542 598 687 636 munerum
707 575 770 655 spe-

91 659 132 715 cie
160 657 255 716 Patres
283 655 459 737 aratoresque
483 661 629 737 pecuniam
654 657 769 717 conser-

91 758 120 796 re
144 738 305 819 prodigenti
329 739 382 797 sibi
404 757 524 821 cogeret.
548 739 678 815 Quorum
702 739 771 799 odio

90 818 230 878 Pratoriae
244 819 394 899 legiones,
414 833 446 877 ac
462 816 586 878 subsidia
599 819 770 880 sessionibus

91 901 227 978 aptiora,
249 899 335 978 quim
359 899 421 957 urbi
443 900 566 969 Roma,
590 898 698 959 sublata
713 920 771 978 »pe-

91 978 187 1049 nitds,
215 980 299 1037 simul
326 1000 403 1038 arma
426 998 509 1060 atque
529 977 593 1039 usus
613 979 771 1041 indumenti

90 1061 231 1118 militaris.
255 1055 357 1118 Adhuc
375 1064 474 1119 cundia
498 1080 603 1139 opera,
627 1082 688 1142 qua
708 1083 771 1120 ma·

113 1138 199 1199 nificd
218 1138 426 1211 construxerat,
440 1141 529 1201 Urbis
547 1139 668 1210 fanum,
688 1160 772 1221 atque

91 1161 266 1291 basilicam,
286 1222 377 1280 Fluvii
391 1223 497 1280 meritis
511 1222 605 1280 Patres
621 1219 775 1284 sacravdre.r

91 1303 121 1363 A
139 1323 199 1382 quo
220 1303 305 1360 etiam
324 1300 385 1381 post
400 1301 501 1362 Circus
518 1303 658 1362 maximus
676 1303 773 1362 excul-

90 1400 138 1442 tus
156 1379 299 1453 mirifice,
327 1403 355 1440 at
376 1404 409 1440 ue
431 1382 467 1441 ad
486 1382 636 1442 lavandum
658 1380 771 1442 institu-

86 1481 155 1522 -tum
170 1484 240 1543 opus
250 1405 439 1522 caeterisimud
452 1461 544 1523 multd
557 1461 657 1543 dispar.
671 1464 774 1535 Statua

92 1544 164 1603 locis
178 1542 264 1624 quim
279 1544 487 1615 celeberrimis,
505 1565 623 1626 quarum
638 1544 728 1624 plures
739 1566 774 1605 ex

92 1646 185 1695 auro,
207 1644 255 1684 aut
276 1645 411 1706 argenteae
432 1622 518 1696 sunt3
542 1643 601 1684 tum
627 1644 675 1704 per
692 1625 774 1686 Afri-

92 1727 158 1765 cam
182 1702 368 1765 sacerdotium
391 1705 532 1766 decretum
547 1706 648 1766 Flavia
669 1710 772 1788 genti,

87 1786 240 1867 citraque
257 1786 363 1867 oppido
377 1832 386 1857 ,
398 1787 475 1866 quod
492 1787 639 1846 obsidione
650 1788 775 1846 Alexan-

93 1868 139 1927 dri
162 1867 320 1937 ceciderat,
339 1871 461 1948 reposito
485 1887 697 1947 exornatoque,
720 1889 775 1926 no-

93 1970 162 2007 men
179 1947 367 2008 Constantina
385 1948 514 2007 inditum.
535 1945 618 2017 Adeo
636 1949 775 2027 acceptius

93 2027 321 2111 praestantiusque
348 2029 547 2109 Tyrannorum
581 2026 775 2109 depulsoribus

92 2108 168 2169 nihil
189 2108 249 2181 est,
272 2131 391 2190 quorum
417 2112 506 2190 gratia
529 2107 573 2172 ei»
586 2110 700 2169 demum
723 2130 774 2169 au-

94 2193 168 2251 trior
188 2193 264 2260 erit,
284 2194 307 2249 si
323 2189 442 2250 modesti
462 2194 514 2272 ipsi
531 2210 614 2272 atque
632 2189 774 2250 abstinen-

94 2290 135 2331 tes
158 2273 220 2330 sint.
239 2272 351 2350 Quippe
368 2269 496 2331 humanae
515 2291 622 2332 mentes
642 2268 774 2330 frustrate

88 2353 168 2412 -boni
188 2350 255 2430 spe,
278 2350 395 2430 asperius
409 2350 608 2422 offenduntur,
631 2350 694 2410 crim
713 2371 774 2408 mu·

94 2452 157 2492 tato
175 2436 281 2493 restore
294 2432 434 2516 flagitioso
447 2453 632 2493 aerumnarum
649 2434 691 2492 vis
711 2451 775 2490 ma·

93 2534 153 2574 net.

138 2594 229 2654 XLI.
251 2595 330 2654 Dum
355 2593 412 2654 haec
434 2598 464 2655 in
483 2595 596 2654 Italiam
619 2612 773 2677 geruntur,
857 2610 859 2614 ·

94 2676 274 2735 Maximinus
288 2676 323 2734 ad
338 2676 505 2746 Orientem,
526 2674 587 2754 post
599 2675 706 2734 biennii
724 2696 775 2733 au·

95 2755 208 2838 gustum
231 2756 383 2835 Imperium
402 2756 477 2818 susus
502 2754 668 2837 fugatusque
690 2753 775 2815 {Li-

95 2841 200 2908 cinio‚
228 2839 303 2919 apud
326 2836 447 2898 Tarsum
476 2834 555 2921 petit.
584 2838 628 2898 lta
654 2834 774 2918 potestas
