2056 3628
242 272 287 318 22
420 248 732 319 Euanoaii

163 394 173 423 s
235 373 341 429 statote
359 370 458 448 capitis
474 367 643 437 damnatus,
661 365 739 447 qudd
759 363 787 425 se
803 369 921 426 vetante
945 432 948 435 ,

236 471 274 530 pu
295 445 404 519 ndss'et,
424 450 533 532 ingenti
555 447 651 508 favore
672 449 794 506 militum
813 457 839 506 &
862 469 922 527 po-

236 471 296 611 puli
312 530 443 588 liberatus
462 529 500 587 est
524 536 536 585 ι’
552 528 630 590 tanti
646 529 758 608 Papirio
778 528 921 588 seditione

235 609 405 681 commoti,
426 630 457 669 ut
473 610 543 691 pene
558 608 616 689 ipse
637 608 841 669 interficeretur.

278 691 336 750 IX.
358 689 457 751 Postea
482 693 622 750 Samnites
642 690 821 761 Romanos,
843 689 920 750 Tito

155 818 158 829 .
237 769 358 831 Veturio
375 772 521 852 &Spurio
547 771 692 831 Postumio
717 769 920 842 Consulibus,

235 853 343 933 (apud
363 854 493 912 Furculas
513 852 658 913 Caudinas
677 851 809 935 angustiis
829 852 920 910 loco-

235 955 299 993 tum
322 932 471 1007 inclusos)
488 935 607 1014 ingene
617 933 751 992 dedecore
768 934 921 1004 vicerunt,

236 1023 264 1076 ὃ(
283 1013 333 1074 sub
352 1020 452 1097 jugum
471 998 614 1074 miserunt.
634 1015 693 1073 Pax
714 1033 809 1072 tamen
829 1012 918 1073 itSe-

237 1115 306 1155 natu
325 1104 353 1156 δι
372 1096 477 1175 populo
497 1092 587 1155 solu'ta
604 1093 664 1166 est,
706 1116 747 1154 uae
768 1116 832 1154 cum
849 1095 920 1174 ipsis

235 1194 347 1259 propter
372 1179 565 1236 necessitatem
587 1175 663 1238 faeta
686 1117 787 1235 luerat.
817 1173 921 1237 Postea

234 1257 377 1318 Samnites
390 1259 458 1317 vieti
475 1255 537 1316 sunt
556 1256 573 1316 ‘a
591 1259 624 1318 L.
636 1258 749 1337 Papirio
764 1255 893 1317 Consule
908 1280 918 1316 t

236 1333 344 1418 sepiem
374 1339 464 1397 millia
491 1359 588 1397 eorum
617 1336 667 1398 snb
697 1343 796 1420 jugum
825 1335 920 1401 mill'a.

236 1418 363 1498 Papirius
390 1419 425 1476 de
450 1420 623 1478 Samnitibus
649 1416 840 1498 triumphavit.
870 1421 920 1479 Eo

173 1504 175 1510 '
234 1517 362 1577 tempore
387 1500 495 1578 Appius
516 1500 653 1560 Claudius
679 1497 790 1559 Censor
810 1522 920 1581 aquam
1002 1513 1025 1563 “,

237 1570 393 1640 Claudiam
412 1579 543 1650 induxit,
566 1589 592 1640 &
611 1581 688 1638 viam
706 1582 830 1661 Appiam
848 1580 923 1642 stta-
1024 1586 1025 1611 ³

236 1661 287 1719 vit.
306 1661 467 1731 Samnites,
482 1680 610 1740 reparato
622 1661 720 1731 bello,
742 1662 780 1738 Q
795 1662 920 1723 Fabium

235 1739 400 1801 Maximum
413 1744 561 1813 vicerunt,
582 1741 669 1801 tribus
683 1743 809 1803 millibus
825 1741 923 1804 homi-

236 1843 306 1881 num
327 1825 432 1883 occisis.
451 1821 549 1882 Postea
570 1822 724 1902 cumpater
743 1829 800 1902 ejus
813 1825 921 1886 Fabius

236 1902 383 1965 Maximus
395 1907 503 1989 legatus
517 1903 596 1967 datus
609 1901 722 1975 fuillet,
738 1906 922 1967 &Samnitas

236 1987 331 2056 vicit,
356 1996 384 2045 &
414 1989 534 2064 plutima
565 2007 663 2044 eotum
699 1986 804 2063 oppida
834 1987 920 2066 cepit.

237 2062 350 2124 Deinde
364 2067 395 2125 P.
408 2067 557 2127 Cornelius
570 2064 708 2136 Rufinus,
723 2067 839 2126 Manius
852 2068 921 2129 Cu-

236 2146 292 2204 tius
316 2147 478 2217 Dentatus,
506 2146 593 2206 ambo
623 2146 789 2220 Consules,
819 2169 920 2211 contra

238 2225 380 2286 Samnitas
393 2229 487 2299 missi,
502 2228 662 2312 ingentibus
675 2229 778 2308 ptoeliis
791 2251 839 2290 eos
852 2250 922 2291 con·

237 2303 337 2377 feedte.
363 2308 441 2368 Tum
464 2310 569 2368 bellum
591 2331 655 2369 cum
676 2309 848 2370 Samnitibus
890 2333 921 2371 et

237 2407 328 2448 annos
345 2411 448 2450 novem
470 2399 498 2450 &
515 2391 621 2472 quadra
642 2393 702 2450 inta
721 2395 815 2451 adium
833 2392 850 2453 s
908 2420 924 2440 ἢ

238 2468 349 2540 lerunt5
371 2493 462 2554 neque
483 2473 554 2531 ullus
576 2413 663 2531 hotiis
687 2470 742 2531 fuit
761 2474 832 2533 intra
852 2474 917 2534 Ita-

236 2549 328 2619 liam,
346 2555 397 2633 qui
412 2555 575 2627 Romanam
591 2556 724 2616 virtutem
741 2557 832 2639 magis
849 2554 922 2615 fati·

236 2651 356 2713 gavent.

281 2713 493 2794 X.‘Intetjee‘lis
514 2718 624 2797 aliquot
641 2717 742 2786 annis,
769 2714 868 2776 itenim
888 2715 918 2776 se

238 2791 389 2855 Gallorum
404 2799 509 2878 copiae,
524 2816 620 2859 contra
634 2797 779 2871 Romanos
793 2795 919 2870 ,Tuscis
