1972 3624
251 279 604 335 serrone
696 269 762 356 ιω

78 378 157 449 tior,
179 378 305 442 Nervam
334 384 472 465 compulit
498 383 599 445 referre
621 384 694 465 apugl
716 406 767 466 po-

78 459 181 537 pulum
207 466 312 602 pretias
340 466 508 538 militibus,
555 468 602 526 uia
625 465 765 525 nefandos

79 544 205 619 pessimo
219 565 274 625 que
295 548 426 605 omnium
447 488 612 609 mortaIium
635 544 767 628 peremis·

81 618 153 680 sent.
175 623 232 684 Hic
254 622 459 706 Trajanumin
484 630 565 687 liberi
583 632 700 699 locum,
724 630 769 686 in·

81 722 139 782 que
166 724 274 784 partem
298 710 410 788 imperii
429 710 594 789 cooptavit,
618 731 682 769 cum
707 730 766 789 quo

81 784 171 844 tribus
190 788 259 846 vixit
274 789 425 848 mensibus.
441 789 502 866 Qui
516 789 583 849 dum
601 787 766 873 suggerente

83 862 148 949 irai,
172 887 243 927 voce
267 867 353 950 quim
382 868 531 940 maxima,
560 890 657 930 contra
680 892 767 951 quen·

84 944 153 1005 dam
168 948 310 1031 Regulum
327 953 443 1011 nomine
463 952 647 1023 inclamaret,
666 950 768 1011 sudore

84 1047 229 1108 correptus
256 1029 303 1090 est.
323 1032 397 1109 Quo
420 1030 642 1114 refrigescente,
669 1030 768 1092 horror

85 1111 215 1189 corporis
235 1114 339 1172 nimius
358 1115 439 1173 initia
461 1111 533 1172 febri
556 1114 695 1193 praebuit,
717 1134 768 1172 nec

86 1189 183 1250 multi)
200 1191 262 1271 post
280 1197 369 1255 vitatu
390 1193 504 1264 finivit,
522 1217 598 1253 anno
622 1197 709 1253 aetatis
725 1193 780 1270 [ε-ι

85 1274 236 1355 xagesimo
261 1276 354 1334 tertio.
382 1274 472 1353 Cujus
501 1295 599 1354 corpus
625 1272 642 1333 ‘a
664 1275 771 1335 Senatu
801 1264 807 1277 Ι

87 1368 131 1411 ιιι·
143 1354 289 1433 quondam
309 1355 429 1438 Augusti
448 1352 557 1415 honore
577 1355 721 1425 delatum,
739 1357 770 1415 in

88 1431 217 1512 sepulcro
234 1435 355 1519 Augusti
372 1435 509 1517 sepultum
528 1435 574 1495 eli.
591 1437 691 1518 quue
705 1436 750 1496 dit
759 1481 770 1508 ,

89 1535 150 1596 quo
169 1519 295 1586 interiit,
315 1518 389 1578 Solis
407 1515 528 1577 defellio
549 1516 624 1577 falia
642 1516 690 1578 ell.

97 1626 101 1631 ·
131 1596 215 1656 XIII.
235 1600 338 1678 Ulpius
354 1598 493 1678 Trajanus
514 1619 547 1657 ex
568 1600 634 1657 urbe
653 1598 768 1657 Tuder-

91 1676 177 1749 tini,
198 1679 302 1759 Ulpius
322 1680 359 1740 ab
379 1702 434 1740 avo
455 1679 568 1749 diebus,
594 1678 732 1759 I'rajanus
754 1677 771 1738 *a

91 1758 183 1839 Trajo
198 1763 305 1838 paterni
323 1764 431 1844 generis
447 1765 583 1828 austere,
602 1762 648 1820 vel
663 1761 697 1820 de
716 1760 773 1819 no·

91 1842 171 1900 mine
189 1840 307 1921 Trajani
323 1844 407 1922 patris
428 1845 467 1900 sic
488 1841 660 1921 appellatus,
680 1844 772 1920 impe·

91 1925 166 1982 ravit
197 1925 277 1982 annis
306 1924 419 2005 viginti.
454 1920 507 1981 Iste
532 1922 618 1980 talem
641 1919 669 1981 se
698 1922 772 1980 Rei-

93 2004 212 2085 publicae
245 2003 389 2084 praebuit,
426 2004 538 2083 qualem
567 2003 615 2061 vix
645 2003 775 2089 aegreque

95 2089 252 2164 exprimere
276 2084 422 2144 valuerunt
447 2082 623 2143 summorum
651 2081 772 2165 scripto-

30 2224 34 2232 ,
95 2186 159 2226 rum
178 2165 307 2225 miranda
325 2167 447 2248 ingenia.
461 2165 518 2225 Hic
532 2167 680 2243 imperium
699 2165 775 2244 apud

95 2248 285 2331 Agrippinum
299 2247 425 2306 nobilem
439 2246 540 2307 Galliae
555 2247 698 2305 coloniam
715 2244 776 2304 sus·
826 2291 835 2298 ,t

97 2331 195 2408 cepit,
218 2325 323 2387 habens
339 2327 516 2410 diligentiam
536 2328 566 2385 in
587 2348 614 2385 re
635 2328 773 2396 militari,

95 2412 128 2470 in
146 2409 274 2470 civilibus
292 2409 457 2479 lenitatem,
481 2412 511 2468 in
532 2405 709 2467 sublevandis
729 2409 774 2465 cl-

97 2492 233 2552 vitatibus
253 2491 442 2572 largitionem.
467 2487 600 2567 Cumque
623 2487 679 2546 duo
696 2490 776 2560 siut,

122 2595 162 2633 uae
179 2573 249 2631 abe
271 2573 353 2654 regiis
373 2570 542 2651 principibus
563 2565 776 2647 exspeeientur,

100 2595 233 2714 ianuitas
249 2593 353 2731 Iomi,
373 2654 403 2711 in
419 2652 504 2711 armis
521 2649 680 2721 fortitudo,
700 2669 778 2710 utro-

73 2760 75 2767 ’
102 2736 188 2817 bique
209 2733 354 2815 prudentia
376 2756 382 2790 ι
403 2752 495 2793 tantus
511 2749 568 2790 etat
586 2731 615 2790 in
637 2753 670 2790 eo
689 2732 778 2791 maxi·

92 2838 212 2878 marum
225 2836 325 2876 rerum
342 2813 467 2886 modus,
491 2832 522 2874 ut
539 2814 620 2897 quasi
635 2833 776 2895 tempera·
