1972 3624
269 228 618 281 retroue
709 235 776 300 3η

99 330 248 413 aspergens
267 331 417 392 hominem
439 332 561 414 eleganti
577 336 665 410 joco,
684 333 780 392 Subli-

99 416 173 473 mius
187 411 350 472 habendum
366 433 460 497 regere
479 414 604 494 aliquam
617 413 705 472 ltaliae
719 434 781 493 par·

100 514 181 564 tem,
227 492 293 552 u‘am
314 514 390 553 trans
416 493 502 572 Alpes
521 515 646 574 regnare.
667 492 779 552 Novis-

100 575 172 635 sime
201 515 299 633 liaude
326 571 397 635 servi
423 572 489 645 sui,
515 578 565 654 qui
587 574 622 634 ad
641 572 781 654 quosdam

100 656 240 715 militares
270 656 348 715 viros
379 657 486 713 amicos
520 656 633 733 ipsius,
661 657 782 715 nomina

100 736 215 816 pertulit
234 753 390 806 annotata,
410 732 484 794 falso
502 755 619 794 manum
639 739 697 815 ejus
718 737 783 796 imi-

93 836 197 884 ·tatuS,
220 834 373 896 tamquam
388 815 554 875 Aurelianus
578 813 653 894 ipsos
674 835 782 895 pararet

102 896 254 966 occidere,
274 898 311 956 ab
329 895 429 956 iisdem
452 895 613 955 interfesius
631 894 716 956 estin
735 899 783 956 iti·

102 979 176 1036 neris
199 976 294 1036 medio
306 1020 321 1049 „
334 977 413 1058 quod
437 978 508 1036 inter
533 975 722 1039 Constantino
743 999 781 1036 o-

102 1058 155 1116 lim
174 1066 202 1117 &
222 1057 390 1118 Heracleam
409 1055 458 1117 est.
475 1058 539 1116 fuit
561 1055 646 1116 saevus
666 1066 693 1117 &
724 1080 779 1118 an·

125 1140 266 1210 uiuamus,
291 1148 318 1198 &
338 1158 399 1201 trux
421 1139 502 1196 omni
521 1155 668 1216 tempore,
696 1140 783 1198 etiam
819 1154 821 1157 ’

104 1159 158 1277 ilii
178 1216 280 1278 sororis
298 1218 468 1278 interseAElor.
489 1217 555 1276 Hoc
577 1236 703 1296 tempore
721 1216 784 1299 sep-

105 1318 163 1358 tem
183 1299 325 1359 mensibus
345 1301 496 1379 interregni
517 1295 535 1355 s
549 1299 621 1356 ecies
641 1300 742 1358 evenit.

146 1378 319 1445 xxxvl.
341 1378 459 1437 Tacitus
482 1318 547 1458 pol
565 1375 639 1436 hunc
666 1376 784 1458 suscepit

105 1459 280 1540 Imperium,
298 1462 342 1520 vir
360 1479 424 1552 egre
448 1458 473 1516 ’ὲ
494 1477 638 1529 moratus,
655 1462 704 1540 qui
724 1459 782 1519 du»

106 1542 261 1599 centesimo
284 1539 402 1621 Imperii
424 1480 469 1599 {ie
492 1537 567 1620 apud
589 1537 711 1600 Tarsum
735 1540 782 1599 se·

105 1621 149 1680 bri
170 1623 295 1680 moritur.

145 1700 222 1760 Huic
242 1700 371 1760 successit
389 1702 542 1761 Florianue
562 1700 617 1761 Sed
637 1699 701 1761 crim
721 1723 785 1762 ma-

106 1802 163 1863 gna
182 1803 243 1861 pars
261 1780 393 1841 exercitius
404 1782 559 1861 Equitium
579 1781 703 1843 Probum
723 1785 783 1841 mi-

104 1863 171 1921 litiae
202 1863 321 1942 petitum
349 1858 479 1943 legisset,
503 1862 648 1929 Florianus
676 1862 784 1921 dietum

106 1942 251 2024 sexaginta
272 1944 354 2022 quasi
374 1962 421 2020 pet
441 1939 681 2018 ludumxlmperio
699 1940 796 2014 usus}

105 2025 200 2083 incisis
219 2020 236 2082 e
253 2021 402 2103 semetipso
422 2024 517 2093 venis,
539 2017 628 2085 effuso
649 2021 784 2106 sanguine

104 2104 285 2183 consumptus
300 2101 348 2163 est.
769 2164 773 2173 ὁ

147 2184 303 2245 XXXVII.
323 2184 431 2245 Probus
470 2186 558 2243 enitus
571 2202 647 2263 patre
660 2183 782 2268 agresti,

104 2264 254 2335 hortorum
278 2263 431 2336 studioso,
490 2264 607 2324 almatio
637 2268 752 2325 nomine
770 2311 783 2335 ,

106 2348 255 2425 imperavit
277 2367 366 2405 annos
394 2344 449 2404 sex.
473 2344 526 2404 Iste
550 2346 730 2406 Saturninum
752 2348 783 2407 in

106 2427 245 2496 Oriente,
258 2426 408 2486 Proculum
424 2435 452 2485 δι
463 2423 608 2485 Bonosum
623 2426 783 2508 Agrippina:

107 2506 294 2586 Imperatores
313 2504 427 2567 effeeros
439 2508 579 2586 oppressit.
593 2504 701 2565 Vincas
715 2506 784 2566 Gal·
887 2548 890 2555 «

107 2588 152 2646 los
174 2588 383 2648 &Pannonios
408 2585 510 2647 habere
533 2587 665 2666 permisit.
689 2585 784 2665 Opere

106 2669 223 2727 militari
244 2669 360 2728 Almam
381 2686 508 2728 montem
530 2666 603 2746 apud
624 2667 757 2726 Sitnrium
771 2714 783 2738 ,

103 2757 133 2810 δι
163 2749 287 2812 Aureum
315 2749 391 2832 apud
420 2748 565 2813 Messana
585 2746 783 2829 superiorem
