1972 3624
216 273 607 327 vrrrtomm
695 281 760 348 rm

82 383 163 441 mani
176 376 271 440 furore
289 377 434 450 insontes,
455 387 483 440 &
502 379 625 447 noxios,
638 375 701 437 suos
716 399 768 457 pa-

81 465 149 523 riter
171 458 506 541 extemosquelpuniren
530 458 658 519 resolutis
686 461 766 518 mili-

82 547 126 604 tiae
146 544 273 612 artibus,
289 542 427 601 Armenia
442 562 490 621 per
504 537 642 609 Parthos,
660 540 769 600 Moesia

81 621 98 684 ὲ
117 624 230 696 Dacis,
251 622 399 682 Pannonia
420 618 436 680 *a
455 623 611 692 Sarmatis,
632 621 729 682 Gallia
751 619 768 681 d

81 700 213 764 finitimis
240 704 369 786 gentibus
395 700 507 782 direptae
530 699 601 762 sunt.
626 701 678 761 Ille
701 700 769 763 Post

82 784 322 870 septuagesimum
340 786 474 843 ollarum
497 805 602 843 annum
613 828 625 852 ‚
640 792 668 843 &
687 804 769 845 men-

81 865 142 927 sem
157 884 315 949 quartum,
338 864 448 926 insidiis
465 863 607 948 Caligulae
621 861 769 927 exstindlus

80 947 129 1009 est.
675 986 679 993 ·

116 1028 188 1106 ΙΙΙΙ.
210 1027 345 1110 Caligula
362 1029 509 1108 imperavit
526 1048 616 1088 annos
634 1046 766 1109 quatuor.

81 1107 136 1171 iste
160 1107 235 1169 filius
259 1107 314 1169 fuit
338 1108 522 1179 Germanici,
543 1118 571 1169 &
593 1111 661 1190 quia
684 1129 767 1171 natus

83 1192 112 1252 in
131 1193 256 1252 exercitu
279 1188 390 1261 fuerat,
410 1209 632 1273 cognomentum
653 1190 767 1249 calcea-

83 1274 175 1334 menti
192 1271 344 1343 militatis,
362 1270 393 1330 id
414 1268 474 1342 est,
493 1269 634 1354 Caligulae
654 1267 767 1332 sortitus

83 1351 130 1413 est.
151 1355 230 1414 Ante
245 1354 432 1432 principatum
446 1351 579 1411 omnibus
602 1373 700 1423 carus,
718 1374 767 1412 ac·

82 1432 235 1516 ceptusque
262 1431 339 1503 fuit,
359 1433 389 1493 in
408 1434 565 1513 principatu
584 1429 652 1492 verb
676 1433 766 1506 talis,

82 1535 113 1575 ut
139 1537 202 1576 non
224 1511 371 1574 immeritb
393 1515 441 1573 vul
463 1533 576 1585 aretur,
599 1517 767 1576 atrociorem

81 1588 132 1656 illo
145 1597 297 1657 dominum
306 1615 367 1655 non
379 1535 467 1655 futui.
481 1595 612 1675 Denique
625 1613 679 1654 tres
690 1592 767 1655 soro·

82 1697 124 1739 res
135 1676 200 1738 suas
210 1675 306 1755 stupro
319 1676 482 1737 maculavit.
500 1675 652 1735 incedebat
666 1673 767 1739 habitu

81 1756 211 1819 Deorum
232 1755 355 1818 suorum.
382 1758 484 1819 Jovem
506 1758 545 1816 ob
566 1756 728 1828 incestum,
749 1759 765 1817 ὲ

82 1836 172 1900 choro
190 1859 287 1899 autern
303 1835 475 1898 Bacchanali
494 1837 628 1897 Liberum
649 1837 677 1897 se
697 1834 767 1898 alle-

80 1922 168 1981 rebat.
190 1920 237 1980 De
258 1941 317 2001 quo
336 1915 431 1979 nescio
450 1942 487 1978 an
506 1918 629 1978 decuerit
647 1940 763 1981 memo-

81 2002 126 2062 tiae
146 2000 230 2082 prodi
241 2047 253 2072 ,
264 2003 326 2077 ,nisi
347 1999 421 2059 forte
441 2002 509 2081 quia
526 2004 605 2078 juvat
623 1999 657 2058 de
676 2000 764 2060 Prin-

83 2084 191 2162 cipibus
216 2078 292 2142 nolle
314 2085 432 2152 omnia,
456 2101 486 2140 ut
514 2081 639 2161 improbi
665 2078 765 2143 saltem

82 2161 165 2224 famae
183 2182 262 2223 metu
281 2164 349 2222 talia
365 2162 514 2223 declinent.
536 2162 570 2221 In
584 2162 689 2242 palatio
702 2186 765 2225 ma·

81 2261 178 2305 tronas
202 2243 311 2305 nobiles
341 2244 459 2324 publicar
488 2243 602 2303 libidini
636 2242 763 2323 subjecit.
838 2242 840 2251 '

81 2323 193 2385 Primus
216 2324 376 2384 diademate
399 2347 431 2385 ca
451 2326 485 2385 iri
514 2327 668 2405 imposito,
693 2325 764 2384 Do·

81 2408 193 2467 minum
210 2405 239 2468 se
254 2409 332 2486 jussit
352 2346 494 2487 appellari.
512 2405 549 2469 ln
569 2402 659 2485 spatio
679 2408 765 2466 trium

28 2534 32 2543 .
81 2488 234 2558 millium,
259 2485 337 2568 quod
364 2490 395 2547 in
421 2487 483 2547 sinu
509 2486 666 2546 Puteolano
693 2488 765 2547 inter

81 2570 172 2631 moles
187 2572 287 2648 jacet,
310 2567 416 2648 duplici
439 2565 538 2626 ordine
560 2587 646 2626 naves
666 2585 765 2627 conte-

80 2670 164 2722 xens,
179 2669 297 2709 arenaea
320 2647 397 2731 gestu
410 2646 446 2708 ad
461 2667 537 2708 terrae
552 2645 673 2728 speciem
685 2648 763 2710 viam

81 2726 254 2802 solidatam,
274 2670 419 2811 pialerato
440 2750 515 2811 equo
537 2730 655 2812 insignis
674 2750 762 2810 quer·

81 2811 130 2875 ced
148 2810 276 2884 corond,
292 2813 372 2894 quasi
390 2808 565 2894 triumphans
585 2810 697 2873 indutus
713 2832 766 2873 auu

562 2891 642 2955 Niv
