1982 3614
215 298 281 351 na
312 283 652 354 Cassianus.
705 302 770 373 245

80 401 173 485 plane
197 404 342 484 impiger,
368 423 426 482 quo
449 400 480 461 in
503 401 621 479 Quados
646 400 775 481 prospere

80 483 194 567 gesto,
217 483 412 563 Septembrem
432 481 557 542 mensem
574 483 774 543 Commodum

80 565 290 645 appellaverat.
308 564 420 623 Moenia
436 563 569 623 Romani
586 562 711 643 potentii
727 566 775 623 vix

80 646 179 729 digna
195 688 205 715 ‚
225 643 340 704 lavandi
355 642 416 703 usui
434 643 559 704 instituit.
575 644 685 704 lmmiri
698 666 775 725 pror·

79 725 131 786 sus
151 725 270 807 feroque
287 727 427 818 ingenio,
449 724 521 784 adeo
537 725 653 807 quidem
667 746 698 784 ut
711 727 776 809 gla-

79 808 214 868 diatores
224 852 234 878 ,
256 802 346 887 specte
364 805 570 888 depugnandi,
595 805 691 867 crebrb
711 825 773 871 tru-

80 888 222 957 cidaret,
244 885 308 944 crim
328 883 386 966 ipse
409 885 511 946 serrum
532 888 675 965 objesium
695 908 776 947 vero·

79 970 175 1030 nibus
191 967 331 1047 plumbeis
344 986 471 1026 uteretur.
489 968 622 1049 Ctimque
637 989 672 1027 eo
685 969 775 1028 modo

80 1050 184 1131 plures
208 1043 391 1117 confecisset,
418 1046 490 1107 forte
513 1067 578 1107 eum
599 1049 694 1110 Scaeva
714 1071 795 1117 nos

80 1133 192 1200 mine,
211 1127 329 1188 audaciai
345 1149 377 1187 ac
391 1129 492 1187 robore
507 1131 629 1208 corporis
643 1150 774 1224 pugnan-

81 1211 177 1293 dique
200 1228 257 1269 arte
280 1208 449 1289 pervidens,
473 1209 511 1268 ab
532 1207 624 1269 studio
646 1211 697 1270 talr
719 1209 773 1269 de-

81 1294 211 1361 terruit,
229 1291 278 1371 qui
292 1288 383 1368 spreto
402 1289 500 1371 gladio
515 1336 524 1361 ‚
546 1310 630 1372 quem
645 1290 774 1350 inutilem

81 1373 245 1442 cernebat,
262 1368 384 1429 sufficere
400 1372 510 1451 utrique
527 1373 589 1442 ait,
610 1392 668 1453 quo
685 1393 777 1434 arma·

83 1453 175 1514 batur
188 1449 256 1531 ipse.
270 1451 316 1511 Eo
330 1470 428 1523 metu,
444 1472 480 1510 ne
493 1454 564 1512 inter
577 1468 632 1511 con
666 1448 774 1526 essum,

83 1537 130 1594 uti
159 1531 253 1603 solet,
279 1551 388 1592 extorto
414 1534 539 1616 pugione
565 1474 746 1593 consereretur
761 1579 774 1606 ,

83 1616 221 1676 Scaevam
245 1615 388 1684 removit,
412 1633 495 1694 atque
517 1613 553 1674 ad
574 1615 645 1675 alios
667 1614 774 1674 formi-

84 1695 242 1764 dolosior,
259 1695 288 1753 in
298 1692 370 1753 feras
385 1692 545 1776 belluasque
558 1694 692 1754 ferociam
709 1717 777 1756 con·

84 1779 188 1837 vertit.
217 1774 289 1851 Quis
313 1776 395 1834 rebus
416 1773 480 1834 etim
503 1774 692 1837 insatiabilem
711 1775 776 1836 san-

85 1860 188 1941 guinis
219 1858 312 1915 cunsli
339 1853 529 1914 horrescerent
552 1899 562 1925 ,
595 1848 800 1936 conjuraverel

87 1943 184 2011 (ne)
205 1939 234 1996 in
254 1956 318 1996 eum
340 1937 466 1995 maxime
488 1939 653 2015 proximus,
673 1940 739 2017 quip
760 1954 776 1996 e

86 2019 286 2079 dominationi
304 2016 376 2076 adei>
393 2015 464 2076 lidus
484 2038 591 2087 nemo,
610 2019 718 2098 ipsique
731 1958 776 2077 lir-

87 2101 219 2165 tellites,
238 2097 305 2157 dum
321 2095 454 2157 incestam
468 2117 593 2157 mentem
606 2103 777 2180 pravamque

86 2198 217 2262 putant,
230 2186 256 2237 δι
271 2177 470 2239 Commodum
481 2178 597 2260 quidem
614 2178 707 2258 primb
720 2201 775 2238 oc-

87 2261 226 2321 cultatius
236 2279 346 2318 veneno
356 2260 499 2339 petivdre,
517 2280 592 2318 anno
604 2280 632 2318 re
655 2262 684 2319 ni
694 2262 777 2319 tertio

88 2342 155 2402 fere
173 2358 258 2420 atque
276 2338 396 2398 decimo,
416 2338 506 2418 Cujus
522 2343 565 2399 vis
582 2281 710 2399 frullrata
727 2360 777 2420 per

88 2424 215 2489 cibum,
234 2441 300 2499 quo
310 2418 338 2478 se
357 2418 422 2479 casu
438 2421 590 2500 repleverat
610 2442 620 2489 3
639 2419 703 2479 crim
727 2439 775 2478 ca-

88 2524 162 2564 men
177 2500 235 2560 alvi
248 2500 375 2559 dolorem
390 2498 576 2569 caussaretur,
588 2503 702 2559 ausbore
715 2521 778 2558 me-

88 2585 180 2653 dico,
196 2583 322 2719 principe
334 2579 486 2649 sallionis,
501 2584 531 2640 in
549 2578 702 2659 palaestram
716 2601 777 2660 per-

88 2665 174 2724 rexit.
212 2661 241 2719 bi
264 2680 312 2741 per
338 2660 495 2721 ministrum
521 2661 665 2743 unguendi
688 2665 782 2740 [nam

89 2744 170 2804 forte
187 2746 212 2802 is
230 2762 343 2822 quoque
355 2742 370 2800 ὲ
383 2743 500 2802 consilio
520 2743 603 2816 erat]
626 2741 753 2802 faucibus
764 2790 776 2812 ,

89 2826 176 2908 quasi
201 2840 261 2882 arte
286 2825 412 2891 exercitii
434 2867 460 2894 ,.
477 2820 677 2963 bracchpprum
699 2824 783 2885 nodo

625 2925 678 2983 trJ¹

654 3084 666 3129 s

604 3158 644 3217 ss
