1982 3614
158 298 213 348 nn
232 282 271 355 V
267 301 351 352 tarr
369 302 661 359 irrueremus,
693 296 758 379 189

115 397 185 460 XL.
206 401 322 461 Marcus
348 401 452 462 Atilius
475 404 602 488 Regulus
625 407 760 482 Consul,

73 477 143 539 fusis
169 482 330 544 Sallentinis
356 484 569 565 triumphavit3
597 490 708 568 primus
726 512 761 550 ue

73 559 274 623 Romanorum
301 564 405 625 ducum
433 569 464 625 in
490 566 620 629 Africam
648 514 761 633 clalliem

73 646 192 720 trajecit.
220 643 264 703 lia
284 642 408 725 quassati
430 648 465 707 de
488 648 651 709 Hamilcare
674 675 763 714 naves

73 722 175 805 longas
202 744 258 785 tres
282 735 308 785 δι
333 725 476 809 sexaginta
503 735 619 810 accepit.
644 733 762 813 Oppida

75 803 218 876 ducenta,
242 816 269 867 δι
290 805 440 868 hominum
466 810 585 870 ducenta
606 814 696 873 millia
717 838 763 875 ce-

74 888 125 965 pit.
149 885 276 947 Absente
295 909 351 958 eo,
369 894 486 973 conjugi
504 896 601 969 ejus&
615 895 708 954 liberis
722 899 762 957 ob

73 986 267 1047 paupertatem
300 969 425 1051 sumptus
452 974 562 1052 publice
590 974 656 1035 dati.
686 977 763 1041 Mox

74 1068 132 1106 arte
158 1048 318 1130 Xanthippi
352 1053 562 1114 Lacedaemonii
594 1063 760 1119 mercenarii

74 1131 173 1211 militis
191 1150 288 1211 captus
307 1135 337 1192 in
354 1156 496 1194 carcerem
515 1133 619 1196 millus.
638 1138 761 1219 Legatus

75 1209 110 1269 de
131 1211 325 1291 permutandis
351 1219 467 1294 captivis
493 1216 618 1276 Romam
640 1217 760 1292 midas,

75 1291 144 1351 dato
165 1295 368 1372 jurejurando,
388 1315 418 1354 ut
441 1301 465 1356 si
488 1319 547 1356 non
570 1297 761 1377 impetriss'et,

76 1375 115 1432 ita
128 1373 245 1434 demtim
262 1377 385 1445 rediret,
405 1381 436 1436 in
450 1378 554 1438 Senatu
567 1380 761 1443 conditionem

77 1453 224 1527 diffuasit,
244 1457 408 1538 rejectisque
427 1456 444 1516 ὲ
464 1457 492 1517 se
510 1464 631 1555 conjuge
649 1471 675 1521 δι
694 1464 763 1523 libc-

76 1540 137 1609 ris,
157 1535 368 1622 Carthaginem
387 1537 520 1622 tegreffus
534 1563 545 1612 3
560 1542 609 1600 ubr
621 1546 651 1602 in
666 1566 761 1605 arcam

76 1618 204 1701 ligneam
227 1624 396 1700 conjectus,
422 1621 508 1681 clavis
535 1622 685 1684 introrsdm
713 1626 763 1686 ad·

76 1704 166 1771 actis,
188 1702 293 1782 vigiliis
309 1725 341 1763 ac
361 1702 458 1761 dolore
478 1706 590 1782 punitus
607 1702 655 1763 est.

118 1783 210 1843 XLI.
233 1783 374 1859 Quinctiis
386 1784 513 1843 Lutatius
528 1784 647 1844 Catulus
669 1789 763 1867 primo

77 1863 189 1924 Punico
216 1865 292 1924 bello
315 1868 443 1925 trecentis
469 1865 588 1924 navibus
614 1866 762 1928 adverstim

79 1946 184 2007 Poenos
206 1946 367 2026 profectus,
389 1945 532 2006 sexcentas
555 1966 653 2005 eorum
678 1971 763 2011 naves

78 2028 288 2088 commeatibus
310 2038 338 2091 δι
355 2029 417 2088 aliis
438 2028 570 2086 oneribus
588 2029 762 2169 impeditas,

78 2109 150 2171 duce
164 2111 328 2171 Hamilcare
345 2109 419 2189 apud
432 2109 575 2192 AEgates,
598 2112 627 2171 in
642 2113 701 2173 ulas
717 2114 765 2172 ina

77 2211 117 2251 ter
146 2191 274 2252 Siciliam
305 2201 332 2253 &
357 2190 511 2260 Africam,
536 2189 569 2248 de
590 2194 690 2264 ressit,
714 2213 764 2254 aut

79 2277 179 2354 cepit,
207 2270 348 2354 finemque
379 2271 455 2331 bello
481 2211 626 2350 impolitit.
659 2275 764 2335 Pacem

80 2356 239 2434 petentibus
260 2352 313 2412 hac
339 2353 501 2413 conditione
525 2356 686 2426 concessit,
712 2357 763 2415 si-

80 2437 169 2506 cilia,
199 2433 351 2506 Sardinii,
378 2445 406 2495 δι
433 2435 534 2494 caeteris
563 2433 660 2494 insulis
691 2438 765 2495 intra

80 2517 195 2579 Italiam
211 2517 395 2597 Africamque
414 2515 602 2586 decederent,
624 2513 766 2595 Hispani&

81 2603 150 2660 citra
166 2599 308 2658 Hiberum
328 2598 504 2658 abstinerent.

119 2681 231 2742 xrrr.
254 2681 402 2741 Hanniba
414 2675 586 2743 Hamilcaris
600 2671 697 2767 ilius,
712 2701 768 2739 no·

81 2784 148 2822 vem
177 2784 268 2823 annos
296 2781 403 2832 natus,
428 2761 445 2819 lt
472 2777 548 2839 patre
575 2777 629 2831 ans
659 2759 765 2820 admo-

81 2863 149 2914 tus,
171 2843 271 2907 odium
292 2845 322 2904 in
344 2843 493 2905 Romanos
513 2859 636 2920 perenne
656 2845 766 2921 juravit.
