1982 3614
216 295 281 349 oe
311 258 654 354 cnsniznvs.
708 306 776 372 247

77 401 168 462 vium
182 404 243 459 acie
262 400 386 472 devicit3
403 405 535 483 missique
555 406 604 485 qui
620 401 778 485 fugientem

78 481 329 563 insequerentur,
347 482 421 563 apud
439 484 586 545 Palatium·
598 484 699 544 Romae
717 487 777 546 ob·

80 583 268 623 truncavere.

123 643 205 705 XX.
229 643 319 727 Igitur
334 641 498 725 septimine,
518 645 670 707 Pertinacis
684 666 775 719 nece,

78 725 176 785 simul
196 726 369 807 flagitiorum
386 722 456 785 odio
470 772 486 795 „
497 726 617 797 dolore,
637 746 720 808 atque
734 728 777 789 ira
837 784 840 788 ,

75 809 285 877 commotior,
307 804 437 867 cohortes
451 807 599 867 Praetotias
612 804 705 868 statim
720 813 776 870 mi-

75 886 148 948 litiai
182 890 316 956 exemit,
341 886 503 969 cunctisque
527 891 650 969 partium
674 893 774 961 caesis,

77 966 230 1028 Helvium
249 966 366 1028 senatus
384 968 512 1029 consulto
531 972 605 1029 inter
623 970 713 1030 Divos
731 992 777 1030 re-

77 1048 140 1109 fert
162 1071 173 1119 3
201 1048 289 1109 Salvii
315 1070 420 1110 nomen
442 1096 452 1123 ,
482 1068 565 1132 atque
591 1053 649 1129 ejus
673 1048 776 1130 scripta

77 1129 202 1190 factave
224 1130 332 1189 aboleri
352 1132 431 1209 jubet
450 1153 459 1202 3
487 1131 566 1211 quod
591 1149 679 1191 unum
703 1131 776 1193 effici

77 1213 226 1292 nequivit.
246 1209 373 1277 Tantum
393 1214 483 1294 gratia
502 1211 651 1272 doctarum
670 1214 776 1273 artium
862 1258 865 1262 -

77 1293 187 1361 valet,
208 1309 239 1350 ut
256 1288 435 1371 scriptoribus
453 1312 488 1351 ne
506 1289 572 1353 saevi
593 1312 689 1352 mores
709 1297 776 1374 qui-

76 1371 153 1432 dem
178 1371 219 1431 ad
242 1375 409 1432 memoriam
432 1373 585 1442 officiant3
607 1374 775 1454 quin-etiam

76 1475 166 1513 mors
180 1450 395 1533 hujuscemodi,
412 1455 481 1533 ipsit
501 1454 620 1537 gloriae,
642 1451 772 1515 exsecra-

76 1537 162 1594 tioni
182 1530 340 1594 auctoribus
358 1532 406 1594 est.
430 1533 508 1595 Ctim
529 1555 648 1605 omnes,
670 1540 773 1616 praeci-

76 1615 199 1695 pueque
224 1612 351 1693 posteri,
373 1617 413 1674 sic
433 1612 538 1676 hubent
558 1662 569 1686 ‚
591 1616 640 1676 illa
658 1618 774 1698 ingenia

77 1698 140 1756 nisi
156 1694 272 1774 publico
288 1696 462 1766 latrocinio,
477 1716 510 1755 ac
521 1717 571 1778 per
581 1696 773 1772 dementiam,
822 1752 823 1755 ,

78 1777 213 1857 opprimi
229 1797 288 1836 non
305 1772 431 1856 potuiffe.
449 1777 519 1854 Quo
539 1779 621 1837 bonis
638 1778 772 1840 omnibus

79 1878 115 1916 ac
137 1853 215 1915 mihi
229 1853 373 1916 fidendum
392 1860 509 1939 magis,
527 1860 576 1937 qui
593 1876 654 1917 ture
672 1876 772 1930 ortus,

78 1940 222 2018 tenuique
240 1946 266 1997 &
286 1938 403 2009 indoQo
422 1955 501 2017 patre
519 1939 550 1997 in
566 1934 628 1997 haec
644 1956 775 2016 tempora

76 2023 176 2079 vitam*
197 2016 331 2097 praestiti,
351 2016 448 2077 studiis
466 2020 549 2078 tantis
568 2015 769 2079 honestiorem.

78 2098 176 2176 Quod
199 2099 330 2179 equidem
355 2102 447 2182 gentis
472 2096 573 2160 nosttae
596 2119 686 2171 reor,
730 2121 772 2161 ue

78 2179 148 2240 fato
180 2178 306 2259 quodam
333 2180 477 2239 bonorum
504 2180 584 2260 parte
614 2122 770 2253 foecun]a,

102 2281 160 2319 uos
188 2260 284 2321 eduxit
312 2278 436 2332 tamen,
458 2281 599 2342 quemque
630 2261 666 2322 ad
698 2260 772 2322 celsa

78 2282 154 2400 Puos
180 2336 276 2401 habet.
297 2342 388 2401 Velut
413 2341 548 2401 Severum
573 2340 687 2422 ipsum,
712 2363 771 2422 quo

77 2414 248 2502 praeclatiot
270 2425 300 2481 in
319 2421 475 2522 Republica
494 2421 549 2483 fuit
566 2443 676 2494 nemo,
695 2444 770 2561 lqpr,

78 2521 261 2582 quamquam
280 2505 376 2563 exacta
390 2521 489 2573 aetate,
503 2512 647 2563 mortuum
664 2507 693 2581 ju
720 2504 770 2562 'tio

26 2653 28 2658 .
79 2584 241 2664 elogioque
267 2583 421 2667 lugendum
449 2582 563 2644 sanxere
586 2605 594 2640 t
622 2581 772 2644 astruentes

78 2665 167 2723 illum
190 2661 293 2741 justum
320 2684 368 2724 aut
392 2686 450 2724 non
478 2662 582 2735 nasci,
605 2683 653 2724 aut
678 2668 771 2726 emori

78 2744 209 2805 minime
232 2741 401 2808 conveniffe.
431 2746 543 2807 Scilicet
570 2742 649 2826 quod
677 2749 768 2807 corti·

78 2824 188 2909 gendis
216 2826 344 2888 moribus
375 2828 528 2902 nimium,
558 2825 707 2969 ppstquam
733 2827 769 2888 ad

617 2930 646 2969 iv
