2056 3628
209 287 254 351 42
392 262 706 332 Eunaorrr

208 403 307 464 pacem
333 379 350 440 *a
373 381 506 462 Scipione
530 382 713 460 petiverunt:
735 381 826 441 abeo
851 378 889 443 ad

208 464 344 525 Senatum
357 461 483 522 Romam
502 463 580 521 missi
597 460 660 522 sunt
675 486 682 519 :
700 462 889 546 quadraginta

207 546 276 624 quin
299 565 331 602 ue
345 542 403 603 dies
417 541 460 603 hit
472 542 590 602 induciae
604 542 675 604 data
690 541 769 615 sunt,
783 542 888 624 quous-

208 646 263 706 que
277 566 409 684 iiomam
427 626 466 684 ire
481 633 507 684 δι
525 624 634 706 regredi
648 621 756 704 poss‘ent
771 648 777 682 :
793 634 820 684 δι
837 628 890 684 tti-

209 708 289 788 ginta
308 707 400 765 millia
419 705 515 787 pondo
534 708 643 788 argenti
657 707 694 765 ab
710 703 754 766 his
773 726 889 786 accepta

206 786 279 847 sunt.
296 787 414 847 Senatus
438 810 471 847 er
494 786 609 846 arbitrio
626 785 766 866 Scipionis
788 808 888 867 pacem

206 870 286 946 jussit
306 890 371 928 curn
393 866 501 931 Cartha
524 867 677 928 iniensibus
698 866 766 928 fieri.
791 868 889 969 Scipio

207 947 252 1009 his
270 950 480 1010 conditionibus
498 890 576 1008 dedit
591 973 597 1006 :
612 951 658 1010 Ne
675 948 793 1023 amplitis
806 972 888 1026 quam

207 1033 324 1108 triginta
342 1054 428 1092 naves
444 1031 593 1101 haberent,
613 1050 643 1089 ut
661 1031 807 1108 quingenta
824 1032 892 1089 mil-

208 1114 250 1172 lia
266 1116 357 1187 pondo
375 1117 481 1192 argenti
494 1117 612 1183 darent,
635 1114 760 1186 captivos
779 1108 889 1186 &per-

201 1195 288 1274 fitgas
306 1197 451 1255 redderent.

251 1275 362 1335 XXII.
383 1275 500 1337 Interim
522 1273 684 1334 Hannibale
702 1275 832 1333 veniente
854 1273 893 1334 ad
944 1328 946 1331 ,

208 1355 359 1427 Africam,
382 1377 436 1436 pax
453 1357 564 1416 turbata
583 1353 645 1424 est,
664 1355 754 1414 multa
779 1352 893 1416 hostilia

210 1438 247 1496 ab
268 1436 345 1497 Afris
368 1435 443 1497 facia
462 1435 549 1507 sunt3
568 1436 655 1520 legati
679 1456 776 1495 tamen
794 1457 892 1496 eorum

211 1539 245 1576 ex
258 1518 338 1579 Urbe
354 1520 497 1578 venientes
511 1564 520 1590 ,
541 1516 705 1577 &Romanis
719 1518 794 1596 capti
808 1516 891 1590 sunt,
934 1592 937 1595 Ι

211 1607 238 1659 &
250 1599 364 1677 jubente
379 1599 512 1679 Scipione
526 1597 644 1658 dimissi.
662 1597 809 1658 Hannibal
822 1620 896 1680 quo·

212 1702 267 1763 que
281 1679 475 1761 frequentibus
488 1681 587 1762 praeliis
599 1681 690 1740 vibius
707 1678 724 1738 *a
740 1680 898 1760 Scipiones

211 1763 293 1843 petiit
314 1764 400 1821 etiam
416 1761 474 1842 ipse
488 1783 597 1842 pacem.
616 1758 695 1823 Ctitn
716 1781 832 1822 ventum
852 1761 894 1823 es·

213 1840 255 1917 set
278 1841 315 1904 ad
341 1844 416 1903 collo
439 1845 540 1915 nium,
559 1842 660 1903 iisdem
680 1843 895 1904 conditionibus

212 1924 279 1984 data
300 1922 360 1997 est,
377 1866 479 2006 quibus
499 1921 572 2006 priris
590 1948 596 1982 :
616 1923 712 1984 addita
732 1927 895 2007 quingentis

213 2006 338 2066 millibus
358 2006 454 2086 pondo
477 2007 587 2089 argenti
607 2024 719 2065 centum
740 2007 830 2071 millia
852 2006 892 2066 li-

212 2086 350 2156 brarum,
374 2107 485 2167 propter
506 2108 612 2146 novam
633 2084 787 2167 perfidiam.
801 2086 894 2147 Cat·

212 2165 438 2245 rhaginiensibus
466 2168 643 2229 conditiones
669 2166 896 2248 displicuerunt,

212 2245 400 2330 jufferuntque
422 2248 616 2310 Hannibalem
640 2269 773 2332 pugnare.
800 2249 896 2327 infer-

215 2348 260 2389 tur
274 2327 289 2389 ὲ
303 2329 435 2410 Scipione
451 2340 478 2392 &
492 2328 665 2401 Masinissi,
682 2331 739 2390 alio
755 2352 819 2414 rege
834 2331 898 2391 Nu·

214 2410 381 2482 midarum,
404 2414 454 2493 qui
483 2414 639 2472 amicitiam
670 2433 734 2471 cum
764 2412 898 2492 Scipione

216 2491 340 2564 fecerat,
361 2489 534 2577 Carthagini
547 2493 663 2553 bellum.
683 2492 832 2555 Hannibal
844 2513 899 2554 tres

215 2574 403 2654 exploratores
428 2575 463 2636 ad
495 2575 638 2656 Scipionis
667 2572 754 2635 castra
782 2576 861 2636 misit
889 2597 897 2634 t

214 2675 286 2734 quos
309 2675 404 2737 captos
428 2657 524 2737 Scipio
548 2655 719 2716 circumduci
740 2676 788 2735 per
810 2655 900 2718 castra

214 2738 322 2815 jussit,
347 2735 511 2819 ostendique
534 2741 572 2798 eis
596 2757 688 2797 totum
719 2739 901 2797 exercitum:

215 2836 290 2877 mor
309 2819 395 2879 etiam
419 2818 569 2900 prandium
598 2818 682 2891 dari,
704 2818 902 2901 dimittique,
