1972 3624
246 303 596 355 arrroua
687 308 752 375 zm

71 403 201 466 Nam&
223 413 336 485 poetam
357 406 518 477 Ovidium,
541 408 635 488 qui&
657 405 757 478 Naso,

70 509 121 568 pro
144 508 179 545 eo
192 534 204 557 ,
226 484 304 567 qubd
327 507 381 546 tres
404 487 516 548 libellos
539 489 684 547 amatoria
706 509 756 548 ar-

71 565 304 647 circonscripsit,
323 568 423 627 exsilio
443 568 597 629 damnavit.
612 569 757 651 Quodque

72 647 111 707 est
128 650 187 709 laeti
209 649 325 720 animi,
348 650 394 709 vel
414 651 541 719 amoeni,
563 650 756 710 obletlabatur

72 732 155 789 omni
176 749 278 813 genere
296 727 536 810 spestaculorum,
560 732 696 811 praecipue
715 729 756 790 fe-

71 830 168 871 rarum
187 811 333 893 incogniti
348 808 438 892 specie
456 820 483 871 &
499 809 612 870 infinito
627 832 754 874 numero.

71 892 174 952 Annos
203 888 309 970 septem
335 900 363 951 δι
394 890 569 975 septuaginta
596 889 754 975 ingrtll'us,

71 972 157 1032 Nolae
167 972 280 1030 ¹morbo
294 974 405 1032 interiit.
421 974 607 1055 Quamquam
626 974 674 1033 alii
688 972 757 1035 scri·

71 1055 142 1113 bant
168 1053 237 1113 dolo
259 1053 347 1113 Liviae
371 1052 561 1124 exstincium,
583 1058 756 1126 metuentis,

71 1156 128 1205 ne»,
146 1136 213 1215 quia
227 1136 362 1216 privignae
375 1133 465 1194 filium
479 1136 655 1217 Agrippam,
669 1157 756 1217 quem

73 1215 145 1274 odio
174 1217 317 1274 novercali
348 1217 378 1275 in
406 1214 527 1276 insulam
555 1217 756 1298 relegaverat,

73 1294 170 1355 reduci
185 1315 376 1376 compererat,
394 1317 429 1355 eo
445 1295 570 1356 summas
583 1317 674 1356 rerum
689 1297 758 1357 ade·

72 1397 145 1457 pto,
165 1398 261 1457 poenas
288 1376 376 1437 daret.
406 1378 497 1460 Igitur
521 1397 687 1449 mortuum,
710 1376 759 1439 seu

72 1478 229 1530 necatum,
252 1459 348 1518 multis
366 1457 453 1519 novis
469 1479 503 1518 ue
527 1456 682 1520 honoribus
702 1459 757 1520 Se-

73 1560 157 1599 natus
187 1536 293 1599 censuit
324 1481 525 1599 decorandum.
553 1540 633 1600 Nam
661 1561 758 1620 praetet

74 1618 104 1679 id
134 1616 214 1700 qudd
244 1639 327 1683 antea
358 1620 471 1681 Patrem
498 1621 598 1681 Patriae
629 1621 758 1695 dixerat,

74 1701 182 1780 templa
202 1720 261 1761 tam
280 1702 400 1773 Romae,
417 1700 502 1783 quim
522 1723 569 1783 per
586 1702 669 1763 urbes
685 1704 759 1762 cele-

73 1782 214 1841 berrimas
229 1773 254 1840 'ei
268 1779 462 1853 consecravit,
478 1785 583 1842 cundlis
595 1781 684 1867 vulgb
702 1790 759 1862 jao-

74 1864 221 1934 tantibus,
238 1865 359 1925 Utinam
373 1881 420 1921 aut
437 1885 495 1923 non
511 1860 688 1934 nasceretur,
709 1882 758 1925 aut

72 1966 135 2003 non
157 1964 321 2004 moreretur.
343 1943 471 2003 Alterum
487 1946 601 2023 pessimi
621 1947 756 2025 incoepti,

73 2023 164 2084 eritlrs
186 2027 311 2104 ptaeclari
338 2025 467 2084 alterum.
493 2024 571 2084 Nam
598 2033 626 2085 &
647 2027 675 2085 in
692 2025 758 2085 'adi-

70 2105 210 2244 piscendo
228 2108 385 2186 principatu
403 2102 544 2186 oppreffor
563 2106 700 2167 libertatis
719 2105 759 2168 est

93 2189 208 2257 abitus,
228 2196 254 2247 &
277 2186 450 2268 ingerendo
473 2189 548 2246 cives
567 2189 607 2247 sic
628 2190 758 2261 amavit,

71 2288 103 2327 ut
132 2266 218 2326 tridui
244 2266 388 2327 frumento
416 2268 447 2327 in
475 2266 583 2328 horreis
610 2268 757 2349 quondam

70 2347 138 2407 viso
160 2345 293 2408 statuillet
314 2368 423 2407 veneno
442 2351 538 2420 mori,
561 2351 585 2408 si
603 2349 617 2407 ὲ
641 2352 759 2430 provin⁴

72 2432 125 2488 ciis
150 2426 244 2489 claffes
272 2426 376 2488 intere&
401 2451 460 2489 non
479 2432 615 2490 venirent.
645 2430 758 2507 Quibus

70 2510 222 2579 advectis,
247 2508 375 2569 felicitati
393 2514 474 2589 ejus,
493 2507 575 2580 ,salus
601 2512 695 2589 patriae
719 2508 759 2569 est

70 2589 218 2650 attributa.
238 2590 392 2671 Imperavit
410 2591 490 2650 annis
508 2593 634 2672 quinqua
655 2592 715 2651 inta
729 2600 757 2653 δι

70 2670 144 2740 sex,
161 2669 311 2731 duodecim
324 2692 388 2730 cum
403 2673 549 2742 Antonio,
568 2611 756 2754 quadraginta

69 2748 143 2812 verb
163 2760 328 2832 &quatuor
347 2751 432 2812 solus.
450 2755 511 2829 Qui
524 2753 755 2834 certenunquani

65 2852 118 2893 aut
139 2831 309 2914 Reipublicae
330 2831 414 2894 adse
434 2835 592 2914 potentiam
611 2832 751 2909 traxildet,

550 2914 580 2976 N
601 2916 630 2995 iij
