<?xml version="1.0" encoding="UTF-8"?>
<!DOCTYPE html PUBLIC "-//W3C//DTD XHTML 1.0 Transitional//EN"
    "http://www.w3.org/TR/xhtml1/DTD/xhtml1-transitional.dtd">
<html xmlns="http://www.w3.org/1999/xhtml" xml:lang="en" lang="en">
 <head>
  <title>
</title>
<meta http-equiv="Content-Type" content="text/html;charset=utf-8" />
  <meta name='ocr-system' content='tesseract 3.04.00' />
  <meta name='ocr-capabilities' content='ocr_page ocr_carea ocr_par ocr_line ocrx_word'/>
</head>
<body>
  <div class='ocr_page' id='page_1' title='image "./eutropiisextaur01victgoog_0314.png"; bbox 0 0 1972 3624; ppageno 0'>
   <div class='ocr_carea' id='block_1_1' title="bbox 243 292 749 364">
    <p class='ocr_par' dir='ltr' id='par_1_1' title="bbox 243 292 749 364">
     <span class='ocr_line' id='line_1_1' title="bbox 243 292 749 364; baseline 0.006 -22"><span class='ocrx_word' id='word_1_1' title='bbox 243 292 593 343; x_wconf 60' lang='lat' dir='ltr'>rarione</span> <span class='ocrx_word' id='word_1_2' title='bbox 683 297 749 364; x_wconf 49' lang='grc' dir='ltr'>ιη</span> 
     </span>
    </p>
   </div>
   <div class='ocr_carea' id='block_1_2' title="bbox 43 389 819 2902">
    <p class='ocr_par' dir='ltr' id='par_1_2' title="bbox 43 389 819 2230">
     <span class='ocr_line' id='line_1_2' title="bbox 73 389 754 477; baseline 0.001 -24"><span class='ocrx_word' id='word_1_3' title='bbox 73 389 198 454; x_wconf 86' lang='lat' dir='ltr'>Nam&amp;</span> <span class='ocrx_word' id='word_1_4' title='bbox 219 402 334 474; x_wconf 84' lang='lat' dir='ltr'>po&#39;e&#39;tam</span> <span class='ocrx_word' id='word_1_5' title='bbox 354 395 515 465; x_wconf 79' lang='lat' dir='ltr'>Ovidium,</span> <span class='ocrx_word' id='word_1_6' title='bbox 538 396 633 477; x_wconf 88' lang='lat' dir='ltr'>qui&amp;</span> <span class='ocrx_word' id='word_1_7' title='bbox 655 392 754 467; x_wconf 88' lang='lat' dir='ltr'>Naso,</span> 
     </span>
     <span class='ocr_line' id='line_1_3' title="bbox 72 473 753 556; baseline 0.006 -24"><span class='ocrx_word' id='word_1_8' title='bbox 72 495 121 554; x_wconf 93' lang='lat' dir='ltr'>pro</span> <span class='ocrx_word' id='word_1_9' title='bbox 142 496 201 545; x_wconf 93' lang='lat' dir='ltr'>eo,</span> <span class='ocrx_word' id='word_1_10' title='bbox 223 473 302 556; x_wconf 75' lang='lat' dir='ltr'>quod</span> <span class='ocrx_word' id='word_1_11' title='bbox 325 495 379 535; x_wconf 90' lang='lat' dir='ltr'>tres</span> <span class='ocrx_word' id='word_1_12' title='bbox 401 475 514 536; x_wconf 92' lang='lat' dir='ltr'>libellos</span> <span class='ocrx_word' id='word_1_13' title='bbox 536 477 682 536; x_wconf 78' lang='lat' dir='ltr'>amatoriae</span> <span class='ocrx_word' id='word_1_14' title='bbox 703 497 753 536; x_wconf 90' lang='lat' dir='ltr'>ar-</span> 
     </span>
     <span class='ocr_line' id='line_1_4' title="bbox 73 554 754 638; baseline 0.003 -24"><span class='ocrx_word' id='word_1_15' title='bbox 73 557 106 615; x_wconf 89' lang='lat' dir='ltr'>tis</span> <span class='ocrx_word' id='word_1_16' title='bbox 120 554 302 635; x_wconf 84' lang='lat' dir='ltr'>conscripsit,</span> <span class='ocrx_word' id='word_1_17' title='bbox 321 558 421 615; x_wconf 83' lang='lat' dir='ltr'>exsilio</span> <span class='ocrx_word' id='word_1_18' title='bbox 440 556 594 617; x_wconf 87' lang='lat' dir='ltr'>damnavit.</span> <span class='ocrx_word' id='word_1_19' title='bbox 610 557 754 638; x_wconf 89' lang='lat' dir='ltr'><strong>Quodque</strong></span> 
     </span>
     <span class='ocr_line' id='line_1_5' title="bbox 73 634 782 708; baseline 0.004 -14"><span class='ocrx_word' id='word_1_20' title='bbox 73 634 111 694; x_wconf 89' lang='lat' dir='ltr'>est</span> <span class='ocrx_word' id='word_1_21' title='bbox 127 638 183 697; x_wconf 85' lang='lat' dir='ltr'>laeti</span> <span class='ocrx_word' id='word_1_22' title='bbox 206 638 322 708; x_wconf 87' lang='lat' dir='ltr'>animi,</span> <span class='ocrx_word' id='word_1_23' title='bbox 345 639 391 697; x_wconf 89' lang='lat' dir='ltr'>vel</span> <span class='ocrx_word' id='word_1_24' title='bbox 412 640 538 708; x_wconf 85' lang='lat' dir='ltr'>amoeni,</span> <span class='ocrx_word' id='word_1_25' title='bbox 560 638 754 698; x_wconf 72' lang='lat' dir='ltr'>oblestabatur</span> <span class='ocrx_word' id='word_1_26' title='bbox 781 647 782 651; x_wconf 77' lang='grc'>’</span> 
     </span>
     <span class='ocr_line' id='line_1_6' title="bbox 74 716 754 802; baseline 0.004 -27"><span class='ocrx_word' id='word_1_27' title='bbox 74 721 152 776; x_wconf 91' lang='lat' dir='ltr'>omni</span> <span class='ocrx_word' id='word_1_28' title='bbox 172 738 275 802; x_wconf 84' lang='lat' dir='ltr'>genere</span> <span class='ocrx_word' id='word_1_29' title='bbox 293 716 533 797; x_wconf 64' lang='lat' dir='ltr'>speelaculorum,</span> <span class='ocrx_word' id='word_1_30' title='bbox 557 720 693 799; x_wconf 77' lang='lat' dir='ltr'>praecipue</span> <span class='ocrx_word' id='word_1_31' title='bbox 712 718 754 778; x_wconf 87' lang='lat' dir='ltr'>fe-</span> 
     </span>
     <span class='ocr_line' id='line_1_7' title="bbox 73 796 752 882; baseline 0.006 -25"><span class='ocrx_word' id='word_1_32' title='bbox 73 818 164 858; x_wconf 83' lang='lat' dir='ltr'>rarum</span> <span class='ocrx_word' id='word_1_33' title='bbox 183 799 330 882; x_wconf 62' lang='lat' dir='ltr'>incogniti</span> <span class='ocrx_word' id='word_1_34' title='bbox 345 796 435 880; x_wconf 86' lang='lat' dir='ltr'>specie</span> <span class='ocrx_word' id='word_1_35' title='bbox 453 808 481 860; x_wconf 88' lang='lat'>&amp;</span> <span class='ocrx_word' id='word_1_36' title='bbox 497 797 609 859; x_wconf 83' lang='lat' dir='ltr'>infinito</span> <span class='ocrx_word' id='word_1_37' title='bbox 624 821 752 861; x_wconf 87' lang='lat' dir='ltr'>numero.</span> 
     </span>
     <span class='ocr_line' id='line_1_8' title="bbox 72 876 752 963; baseline 0.003 -25"><span class='ocrx_word' id='word_1_38' title='bbox 72 879 170 940; x_wconf 83' lang='lat' dir='ltr'>Annos</span> <span class='ocrx_word' id='word_1_39' title='bbox 201 876 307 959; x_wconf 86' lang='lat' dir='ltr'>septem</span> <span class='ocrx_word' id='word_1_40' title='bbox 333 888 360 940; x_wconf 92' lang='lat'>&amp;</span> <span class='ocrx_word' id='word_1_41' title='bbox 391 879 566 963; x_wconf 82' lang='lat' dir='ltr'>septuaginta</span> <span class='ocrx_word' id='word_1_42' title='bbox 593 878 752 963; x_wconf 82' lang='lat' dir='ltr'>ingrelsus,</span> 
     </span>
     <span class='ocr_line' id='line_1_9' title="bbox 72 958 754 1043; baseline 0.004 -24"><span class='ocrx_word' id='word_1_43' title='bbox 72 958 278 1021; x_wconf 69' lang='lat' dir='ltr'>Nolae&#39;morbo</span> <span class='ocrx_word' id='word_1_44' title='bbox 291 962 402 1035; x_wconf 84' lang='lat' dir='ltr'>interiit.</span> <span class='ocrx_word' id='word_1_45' title='bbox 418 962 604 1043; x_wconf 82' lang='lat' dir='ltr'>Quamquam</span> <span class='ocrx_word' id='word_1_46' title='bbox 623 963 672 1021; x_wconf 83' lang='lat' dir='ltr'>alii</span> <span class='ocrx_word' id='word_1_47' title='bbox 685 960 754 1022; x_wconf 88' lang='lat' dir='ltr'>scri·</span> 
     </span>
     <span class='ocr_line' id='line_1_10' title="bbox 43 1040 752 1114; baseline 0.004 -15"><span class='ocrx_word' id='word_1_48' title='bbox 43 1067 44 1070; x_wconf 41' lang='lat'>¹</span> <span class='ocrx_word' id='word_1_49' title='bbox 72 1041 138 1102; x_wconf 89' lang='lat' dir='ltr'>baut</span> <span class='ocrx_word' id='word_1_50' title='bbox 163 1042 235 1102; x_wconf 89' lang='lat' dir='ltr'>dolo</span> <span class='ocrx_word' id='word_1_51' title='bbox 256 1042 344 1101; x_wconf 82' lang='lat' dir='ltr'>Liviae</span> <span class='ocrx_word' id='word_1_52' title='bbox 368 1040 533 1102; x_wconf 70' lang='lat' dir='ltr'>exstinetam</span> <span class='ocrx_word' id='word_1_53' title='bbox 546 1088 558 1112; x_wconf 86' lang='lat'>,</span> <span class='ocrx_word' id='word_1_54' title='bbox 580 1046 752 1114; x_wconf 89' lang='lat' dir='ltr'>metuentis,</span> 
     </span>
     <span class='ocr_line' id='line_1_11' title="bbox 72 1121 819 1205; baseline 0.004 -24"><span class='ocrx_word' id='word_1_55' title='bbox 72 1143 125 1192; x_wconf 89' lang='lat' dir='ltr'>ne,</span> <span class='ocrx_word' id='word_1_56' title='bbox 139 1125 210 1205; x_wconf 84' lang='lat' dir='ltr'>quia</span> <span class='ocrx_word' id='word_1_57' title='bbox 224 1124 359 1204; x_wconf 81' lang='lat' dir='ltr'>privignae</span> <span class='ocrx_word' id='word_1_58' title='bbox 373 1121 462 1182; x_wconf 89' lang='lat' dir='ltr'>filium</span> <span class='ocrx_word' id='word_1_59' title='bbox 476 1124 652 1205; x_wconf 85' lang='lat' dir='ltr'>Agrippam,</span> <span class='ocrx_word' id='word_1_60' title='bbox 666 1145 753 1205; x_wconf 88' lang='lat' dir='ltr'>quem</span> <span class='ocrx_word' id='word_1_61' title='bbox 818 1149 819 1152; x_wconf 43' lang='lat'>¹</span> 
     </span>
     <span class='ocr_line' id='line_1_12' title="bbox 74 1202 753 1286; baseline 0.003 -25"><span class='ocrx_word' id='word_1_62' title='bbox 74 1203 140 1262; x_wconf 90' lang='lat' dir='ltr'>odio</span> <span class='ocrx_word' id='word_1_63' title='bbox 170 1205 315 1263; x_wconf 79' lang='lat' dir='ltr'>novercali</span> <span class='ocrx_word' id='word_1_64' title='bbox 346 1205 375 1264; x_wconf 92' lang='lat' dir='ltr'>iu</span> <span class='ocrx_word' id='word_1_65' title='bbox 404 1202 525 1264; x_wconf 86' lang='lat' dir='ltr'>insulam</span> <span class='ocrx_word' id='word_1_66' title='bbox 552 1205 753 1286; x_wconf 85' lang='lat' dir='ltr'>relegaverat,</span> 
     </span>
     <span class='ocr_line' id='line_1_13' title="bbox 73 1283 755 1365; baseline 0.003 -24"><span class='ocrx_word' id='word_1_67' title='bbox 73 1283 165 1344; x_wconf 88' lang='lat' dir='ltr'>reduci</span> <span class='ocrx_word' id='word_1_68' title='bbox 182 1304 374 1365; x_wconf 85' lang='lat' dir='ltr'>compererat,</span> <span class='ocrx_word' id='word_1_69' title='bbox 392 1305 425 1343; x_wconf 92' lang='lat' dir='ltr'>eo</span> <span class='ocrx_word' id='word_1_70' title='bbox 442 1283 567 1343; x_wconf 84' lang='lat' dir='ltr'>summas</span> <span class='ocrx_word' id='word_1_71' title='bbox 581 1302 671 1343; x_wconf 89' lang='lat' dir='ltr'>rerum</span> <span class='ocrx_word' id='word_1_72' title='bbox 686 1285 755 1345; x_wconf 88' lang='lat' dir='ltr'>ade-</span> 
     </span>
     <span class='ocr_line' id='line_1_14' title="bbox 73 1365 756 1448; baseline 0.004 -24"><span class='ocrx_word' id='word_1_73' title='bbox 73 1385 139 1444; x_wconf 92' lang='lat' dir='ltr'>pto,</span> <span class='ocrx_word' id='word_1_74' title='bbox 160 1387 258 1446; x_wconf 84' lang='lat' dir='ltr'>poenas</span> <span class='ocrx_word' id='word_1_75' title='bbox 286 1365 373 1425; x_wconf 87' lang='lat' dir='ltr'>daret.</span> <span class='ocrx_word' id='word_1_76' title='bbox 403 1366 494 1448; x_wconf 83' lang='lat' dir='ltr'>Igitur</span> <span class='ocrx_word' id='word_1_77' title='bbox 518 1385 684 1437; x_wconf 87' lang='lat' dir='ltr'>mortuum,</span> <span class='ocrx_word' id='word_1_78' title='bbox 707 1365 756 1427; x_wconf 86' lang='lat' dir='ltr'>seu</span> 
     </span>
     <span class='ocr_line' id='line_1_15' title="bbox 73 1444 754 1519; baseline 0.003 -15"><span class='ocrx_word' id='word_1_79' title='bbox 73 1467 226 1519; x_wconf 87' lang='lat' dir='ltr'>necatum,</span> <span class='ocrx_word' id='word_1_80' title='bbox 249 1448 346 1506; x_wconf 89' lang='lat' dir='ltr'>multis</span> <span class='ocrx_word' id='word_1_81' title='bbox 364 1445 450 1506; x_wconf 87' lang='lat' dir='ltr'>novis</span> <span class='ocrx_word' id='word_1_82' title='bbox 466 1467 500 1505; x_wconf 91' lang='lat' dir='ltr'>ue</span> <span class='ocrx_word' id='word_1_83' title='bbox 525 1444 679 1507; x_wconf 87' lang='lat' dir='ltr'>honoribus</span> <span class='ocrx_word' id='word_1_84' title='bbox 699 1447 754 1508; x_wconf 89' lang='lat' dir='ltr'>Se-</span> 
     </span>
     <span class='ocr_line' id='line_1_16' title="bbox 74 1468 756 1608; baseline 0.007 -24"><span class='ocrx_word' id='word_1_85' title='bbox 74 1547 152 1588; x_wconf 87' lang='lat' dir='ltr'>natus</span> <span class='ocrx_word' id='word_1_86' title='bbox 184 1525 291 1586; x_wconf 89' lang='lat' dir='ltr'>censuit</span> <span class='ocrx_word' id='word_1_87' title='bbox 322 1468 522 1587; x_wconf 69' lang='lat' dir='ltr'>decennium.</span> <span class='ocrx_word' id='word_1_88' title='bbox 551 1528 629 1587; x_wconf 90' lang='lat' dir='ltr'>Nam</span> <span class='ocrx_word' id='word_1_89' title='bbox 658 1548 756 1608; x_wconf 82' lang='lat' dir='ltr'>praeter</span> 
     </span>
     <span class='ocr_line' id='line_1_17' title="bbox 75 1605 755 1689; baseline 0.007 -24"><span class='ocrx_word' id='word_1_90' title='bbox 75 1607 102 1666; x_wconf 90' lang='lat' dir='ltr'>id</span> <span class='ocrx_word' id='word_1_91' title='bbox 130 1605 210 1689; x_wconf 79' lang='lat' dir='ltr'>quod</span> <span class='ocrx_word' id='word_1_92' title='bbox 241 1628 324 1671; x_wconf 86' lang='lat' dir='ltr'>antea</span> <span class='ocrx_word' id='word_1_93' title='bbox 355 1608 468 1668; x_wconf 87' lang='lat' dir='ltr'>Patrem</span> <span class='ocrx_word' id='word_1_94' title='bbox 496 1609 595 1669; x_wconf 86' lang='lat' dir='ltr'>Patriae</span> <span class='ocrx_word' id='word_1_95' title='bbox 626 1609 755 1683; x_wconf 85' lang='lat' dir='ltr'>dixerat,</span> 
     </span>
     <span class='ocr_line' id='line_1_18' title="bbox 75 1689 756 1771; baseline 0.007 -26"><span class='ocrx_word' id='word_1_96' title='bbox 75 1691 178 1769; x_wconf 89' lang='lat' dir='ltr'>templa</span> <span class='ocrx_word' id='word_1_97' title='bbox 198 1709 258 1749; x_wconf 89' lang='lat' dir='ltr'>tam</span> <span class='ocrx_word' id='word_1_98' title='bbox 277 1690 396 1760; x_wconf 80' lang='lat' dir='ltr'>Romae,</span> <span class='ocrx_word' id='word_1_99' title='bbox 414 1689 500 1771; x_wconf 66' lang='lat' dir='ltr'>quim</span> <span class='ocrx_word' id='word_1_100' title='bbox 519 1710 566 1770; x_wconf 89' lang='lat' dir='ltr'>per</span> <span class='ocrx_word' id='word_1_101' title='bbox 583 1691 666 1750; x_wconf 89' lang='lat' dir='ltr'>urbes</span> <span class='ocrx_word' id='word_1_102' title='bbox 682 1692 756 1750; x_wconf 85' lang='lat' dir='ltr'>cele·-</span> 
     </span>
     <span class='ocr_line' id='line_1_19' title="bbox 73 1762 756 1855; baseline 0.006 -28"><span class='ocrx_word' id='word_1_103' title='bbox 73 1768 211 1830; x_wconf 85' lang='lat' dir='ltr'>berrimas</span> <span class='ocrx_word' id='word_1_104' title='bbox 226 1762 251 1829; x_wconf 75' lang='lat' dir='ltr'>ei</span> <span class='ocrx_word' id='word_1_105' title='bbox 266 1767 460 1842; x_wconf 77' lang='lat' dir='ltr'>consecravit,</span> <span class='ocrx_word' id='word_1_106' title='bbox 475 1773 580 1829; x_wconf 64' lang='lat' dir='ltr'>cunetis</span> <span class='ocrx_word' id='word_1_107' title='bbox 592 1769 682 1855; x_wconf 75' lang='lat' dir='ltr'>vulgo</span> <span class='ocrx_word' id='word_1_108' title='bbox 699 1778 756 1850; x_wconf 85' lang='lat' dir='ltr'>jao-</span> 
     </span>
     <span class='ocr_line' id='line_1_20' title="bbox 75 1848 755 1922; baseline 0.004 -13"><span class='ocrx_word' id='word_1_109' title='bbox 75 1852 218 1922; x_wconf 89' lang='lat' dir='ltr'>rantibus,</span> <span class='ocrx_word' id='word_1_110' title='bbox 235 1853 356 1913; x_wconf 88' lang='lat' dir='ltr'>Utinam</span> <span class='ocrx_word' id='word_1_111' title='bbox 370 1870 418 1909; x_wconf 89' lang='lat' dir='ltr'>aut</span> <span class='ocrx_word' id='word_1_112' title='bbox 434 1873 492 1910; x_wconf 88' lang='lat' dir='ltr'>non</span> <span class='ocrx_word' id='word_1_113' title='bbox 508 1848 685 1922; x_wconf 86' lang='lat' dir='ltr'>nasceretur,</span> <span class='ocrx_word' id='word_1_114' title='bbox 706 1870 755 1913; x_wconf 90' lang='lat' dir='ltr'>aut</span> 
     </span>
     <span class='ocr_line' id='line_1_21' title="bbox 73 1931 753 2014; baseline 0.004 -25"><span class='ocrx_word' id='word_1_115' title='bbox 73 1953 131 1992; x_wconf 91' lang='lat' dir='ltr'>non</span> <span class='ocrx_word' id='word_1_116' title='bbox 151 1952 318 1992; x_wconf 85' lang='lat' dir='ltr'>moreretur.</span> <span class='ocrx_word' id='word_1_117' title='bbox 340 1931 468 1990; x_wconf 84' lang='lat' dir='ltr'>Alterum</span> <span class='ocrx_word' id='word_1_118' title='bbox 484 1933 599 2011; x_wconf 87' lang='lat' dir='ltr'>pessimi</span> <span class='ocrx_word' id='word_1_119' title='bbox 618 1935 753 2014; x_wconf 81' lang='lat' dir='ltr'>incoepti,</span> 
     </span>
     <span class='ocr_line' id='line_1_22' title="bbox 73 2011 755 2092; baseline 0.003 -23"><span class='ocrx_word' id='word_1_120' title='bbox 73 2012 159 2073; x_wconf 71' lang='lat' dir='ltr'>exitiis</span> <span class='ocrx_word' id='word_1_121' title='bbox 183 2015 308 2092; x_wconf 78' lang='lat' dir='ltr'>praeclari</span> <span class='ocrx_word' id='word_1_122' title='bbox 335 2013 464 2071; x_wconf 88' lang='lat' dir='ltr'>alterum.</span> <span class='ocrx_word' id='word_1_123' title='bbox 490 2011 567 2071; x_wconf 89' lang='lat' dir='ltr'>Nam</span> <span class='ocrx_word' id='word_1_124' title='bbox 595 2021 623 2073; x_wconf 88' lang='lat'>&amp;</span> <span class='ocrx_word' id='word_1_125' title='bbox 643 2016 673 2072; x_wconf 91' lang='lat' dir='ltr'>in</span> <span class='ocrx_word' id='word_1_126' title='bbox 689 2014 755 2073; x_wconf 83' lang='lat' dir='ltr'>&#39;adi-</span> 
     </span>
     <span class='ocr_line' id='line_1_23' title="bbox 71 2089 756 2230; baseline 0.006 -79"><span class='ocrx_word' id='word_1_127' title='bbox 71 2093 207 2230; x_wconf 75' lang='lat' dir='ltr'>piscendo</span> <span class='ocrx_word' id='word_1_128' title='bbox 224 2096 382 2174; x_wconf 85' lang='lat' dir='ltr'>principatu</span> <span class='ocrx_word' id='word_1_129' title='bbox 400 2089 541 2173; x_wconf 81' lang='lat' dir='ltr'>oppreffor</span> <span class='ocrx_word' id='word_1_130' title='bbox 560 2093 697 2155; x_wconf 83' lang='lat' dir='ltr'>libertatis</span> <span class='ocrx_word' id='word_1_131' title='bbox 716 2093 756 2156; x_wconf 88' lang='lat' dir='ltr'>est</span> 
     </span>
    </p>

    <p class='ocr_par' dir='ltr' id='par_1_3' title="bbox 65 2174 756 2902">
     <span class='ocr_line' id='line_1_24' title="bbox 92 2174 755 2256; baseline 0.003 -23"><span class='ocrx_word' id='word_1_132' title='bbox 92 2175 205 2244; x_wconf 90' lang='lat' dir='ltr'>abitus,</span> <span class='ocrx_word' id='word_1_133' title='bbox 225 2184 251 2235; x_wconf 91' lang='lat'><strong>&amp;</strong></span> <span class='ocrx_word' id='word_1_134' title='bbox 273 2178 304 2234; x_wconf 91' lang='lat' dir='ltr'>in</span> <span class='ocrx_word' id='word_1_135' title='bbox 323 2174 447 2256; x_wconf 84' lang='lat' dir='ltr'>gerendo</span> <span class='ocrx_word' id='word_1_136' title='bbox 471 2177 545 2234; x_wconf 85' lang='lat' dir='ltr'>cives</span> <span class='ocrx_word' id='word_1_137' title='bbox 564 2177 604 2234; x_wconf 87' lang='lat' dir='ltr'>sic</span> <span class='ocrx_word' id='word_1_138' title='bbox 625 2178 755 2248; x_wconf 81' lang='lat' dir='ltr'>amavit,</span> 
     </span>
     <span class='ocr_line' id='line_1_25' title="bbox 72 2253 754 2336; baseline 0.004 -23"><span class='ocrx_word' id='word_1_139' title='bbox 72 2274 102 2313; x_wconf 90' lang='lat' dir='ltr'>ut</span> <span class='ocrx_word' id='word_1_140' title='bbox 127 2254 214 2314; x_wconf 87' lang='lat' dir='ltr'>tridui</span> <span class='ocrx_word' id='word_1_141' title='bbox 242 2254 385 2315; x_wconf 86' lang='lat' dir='ltr'>frumento</span> <span class='ocrx_word' id='word_1_142' title='bbox 413 2256 444 2314; x_wconf 89' lang='lat' dir='ltr'>iu</span> <span class='ocrx_word' id='word_1_143' title='bbox 473 2253 580 2316; x_wconf 87' lang='lat' dir='ltr'>horreis</span> <span class='ocrx_word' id='word_1_144' title='bbox 607 2255 754 2336; x_wconf 91' lang='lat' dir='ltr'>quondam</span> 
     </span>
     <span class='ocr_line' id='line_1_26' title="bbox 70 2332 756 2418; baseline 0.003 -24"><span class='ocrx_word' id='word_1_145' title='bbox 70 2334 133 2394; x_wconf 82' lang='lat' dir='ltr'>viso</span> <span class='ocrx_word' id='word_1_146' title='bbox 156 2332 289 2396; x_wconf 85' lang='lat' dir='ltr'>statuiffet</span> <span class='ocrx_word' id='word_1_147' title='bbox 311 2356 420 2395; x_wconf 86' lang='lat' dir='ltr'>veneno</span> <span class='ocrx_word' id='word_1_148' title='bbox 439 2338 535 2407; x_wconf 89' lang='lat' dir='ltr'>mori,</span> <span class='ocrx_word' id='word_1_149' title='bbox 558 2339 581 2395; x_wconf 90' lang='lat' dir='ltr'>si</span> <span class='ocrx_word' id='word_1_150' title='bbox 599 2334 614 2394; x_wconf 78' lang='grc' dir='ltr'>ὲ</span> <span class='ocrx_word' id='word_1_151' title='bbox 638 2340 756 2418; x_wconf 61' lang='lat' dir='ltr'>provin⁴</span> 
     </span>
     <span class='ocr_line' id='line_1_27' title="bbox 72 2413 755 2494; baseline 0.007 -22"><span class='ocrx_word' id='word_1_152' title='bbox 72 2419 121 2475; x_wconf 90' lang='lat' dir='ltr'>ciis</span> <span class='ocrx_word' id='word_1_153' title='bbox 145 2413 241 2476; x_wconf 81' lang='lat' dir='ltr'>claffes</span> <span class='ocrx_word' id='word_1_154' title='bbox 269 2414 373 2476; x_wconf 69' lang='lat' dir='ltr'>interea</span> <span class='ocrx_word' id='word_1_155' title='bbox 398 2438 457 2475; x_wconf 91' lang='lat' dir='ltr'>non</span> <span class='ocrx_word' id='word_1_156' title='bbox 477 2419 612 2476; x_wconf 87' lang='lat' dir='ltr'>venirent.</span> <span class='ocrx_word' id='word_1_157' title='bbox 641 2414 755 2494; x_wconf 58' lang='lat' dir='ltr'>Quibus</span> 
     </span>
     <span class='ocr_line' id='line_1_28' title="bbox 71 2495 756 2576; baseline 0.003 -21"><span class='ocrx_word' id='word_1_158' title='bbox 71 2497 218 2566; x_wconf 71' lang='lat' dir='ltr'>educetis,</span> <span class='ocrx_word' id='word_1_159' title='bbox 244 2496 371 2557; x_wconf 84' lang='lat' dir='ltr'>felicitati</span> <span class='ocrx_word' id='word_1_160' title='bbox 390 2501 471 2576; x_wconf 90' lang='lat' dir='ltr'>ejus,</span> <span class='ocrx_word' id='word_1_161' title='bbox 489 2495 572 2567; x_wconf 31' lang='lat' dir='ltr'>‘salus</span> <span class='ocrx_word' id='word_1_162' title='bbox 598 2499 692 2576; x_wconf 74' lang='lat' dir='ltr'>patriae</span> <span class='ocrx_word' id='word_1_163' title='bbox 716 2496 756 2557; x_wconf 89' lang='lat' dir='ltr'>est</span> 
     </span>
     <span class='ocr_line' id='line_1_29' title="bbox 71 2578 754 2659; baseline 0.007 -23"><span class='ocrx_word' id='word_1_164' title='bbox 71 2579 215 2638; x_wconf 89' lang='lat' dir='ltr'>attributa.</span> <span class='ocrx_word' id='word_1_165' title='bbox 235 2578 389 2658; x_wconf 90' lang='lat' dir='ltr'>Imperavit</span> <span class='ocrx_word' id='word_1_166' title='bbox 407 2579 487 2637; x_wconf 88' lang='lat' dir='ltr'>annis</span> <span class='ocrx_word' id='word_1_167' title='bbox 505 2580 631 2659; x_wconf 85' lang='lat' dir='ltr'>quinqua</span> <span class='ocrx_word' id='word_1_168' title='bbox 652 2580 754 2641; x_wconf 86' lang='lat' dir='ltr'>iura&amp;</span> 
     </span>
     <span class='ocr_line' id='line_1_30' title="bbox 70 2599 753 2742; baseline 0.009 -26"><span class='ocrx_word' id='word_1_169' title='bbox 70 2654 139 2728; x_wconf 82' lang='lat' dir='ltr'>sex,</span> <span class='ocrx_word' id='word_1_170' title='bbox 157 2657 308 2718; x_wconf 89' lang='lat' dir='ltr'>duodecim</span> <span class='ocrx_word' id='word_1_171' title='bbox 320 2680 385 2718; x_wconf 88' lang='lat' dir='ltr'>cum</span> <span class='ocrx_word' id='word_1_172' title='bbox 399 2659 546 2729; x_wconf 84' lang='lat' dir='ltr'>Antonio,</span> <span class='ocrx_word' id='word_1_173' title='bbox 565 2599 753 2742; x_wconf 69' lang='lat' dir='ltr'>quariiaginta</span> 
     </span>
     <span class='ocr_line' id='line_1_31' title="bbox 69 2737 752 2821; baseline 0.004 -23"><span class='ocrx_word' id='word_1_174' title='bbox 69 2737 139 2798; x_wconf 76' lang='lat' dir='ltr'>vero</span> <span class='ocrx_word' id='word_1_175' title='bbox 160 2748 187 2798; x_wconf 90' lang='lat'>&amp;</span> <span class='ocrx_word' id='word_1_176' title='bbox 205 2758 325 2820; x_wconf 90' lang='lat' dir='ltr'>quatuor</span> <span class='ocrx_word' id='word_1_177' title='bbox 345 2737 429 2800; x_wconf 90' lang='lat' dir='ltr'>solus.</span> <span class='ocrx_word' id='word_1_178' title='bbox 447 2742 508 2816; x_wconf 88' lang='lat' dir='ltr'>Qui</span> <span class='ocrx_word' id='word_1_179' title='bbox 521 2740 593 2800; x_wconf 76' lang='lat' dir='ltr'>certe</span> <span class='ocrx_word' id='word_1_180' title='bbox 602 2742 752 2821; x_wconf 85' lang='lat' dir='ltr'>nunquam</span> 
     </span>
     <span class='ocr_line' id='line_1_32' title="bbox 65 2818 748 2902; baseline 0.003 -23"><span class='ocrx_word' id='word_1_181' title='bbox 65 2839 115 2879; x_wconf 81' lang='lat' dir='ltr'>aur</span> <span class='ocrx_word' id='word_1_182' title='bbox 135 2820 307 2902; x_wconf 82' lang='lat' dir='ltr'>Reipublicae</span> <span class='ocrx_word' id='word_1_183' title='bbox 326 2819 363 2881; x_wconf 89' lang='lat' dir='ltr'>ad</span> <span class='ocrx_word' id='word_1_184' title='bbox 383 2818 411 2880; x_wconf 91' lang='lat' dir='ltr'>se</span> <span class='ocrx_word' id='word_1_185' title='bbox 431 2823 589 2902; x_wconf 88' lang='lat' dir='ltr'>potentiam</span> <span class='ocrx_word' id='word_1_186' title='bbox 608 2819 748 2897; x_wconf 82' lang='lat' dir='ltr'>traxillet,</span> 
     </span>
    </p>
   </div>
   <div class='ocr_carea' id='block_1_3' title="bbox 547 2902 627 2982">
    <p class='ocr_par' dir='ltr' id='par_1_4' title="bbox 547 2902 627 2982">
     <span class='ocr_line' id='line_1_33' title="bbox 547 2902 627 2982; baseline -0.05 -18"><span class='ocrx_word' id='word_1_187' title='bbox 547 2902 577 2964; x_wconf 90' lang='lat' dir='ltr'>N</span> <span class='ocrx_word' id='word_1_188' title='bbox 598 2904 627 2982; x_wconf 87' lang='lat' dir='ltr'>iij</span> 
     </span>
    </p>
   </div>
   <div class='ocr_carea' id='block_1_4' title="bbox 0 0 990 3624">
    <p class='ocr_par' dir='ltr' id='par_1_5' title="bbox 0 0 990 3624">
     <span class='ocr_line' id='line_1_34' title="bbox 0 0 990 3624; baseline 0 1"><span class='ocrx_word' id='word_1_189' title='bbox 0 0 990 3624; x_wconf 95' lang='lat' dir='ltr'> </span> 
     </span>
    </p>
   </div>
  </div>
 </body>
</html>
