2056 3628
276 262 570 333 ltnenIV.
722 291 768 354 49

92 383 214 468 prospere
226 380 243 442 l
253 379 431 444 Consulibus
464 380 519 443 esta
530 381 612 444 sunt:
623 402 674 446 nec
685 386 771 467 quid-

92 489 172 549 quam
196 467 291 549 magis
314 465 360 524 vel
385 405 546 525 Haldmbal
567 512 576 538 ,
599 469 646 526 vel
664 467 773 530 Famea

22 588 25 592 -
92 550 234 619 vitabant,
258 544 345 628 qu‘am
368 565 465 606 contra
486 569 550 625 eam
571 548 770 611 Romanontm

92 651 195 712 partem
209 629 409 699 committere,
428 629 477 687 ubi
490 629 587 708 Scipio
605 629 770 693 dimicabat.

130 713 185 771 XI.
212 712 267 770 Per
292 707 370 768 idem
392 728 502 790 tempus
530 709 699 782 Masiniffa,
723 735 772 774 rex
818 724 823 735 ‘

92 793 300 862 Numidarum,
312 794 360 871 per
372 813 462 850 annos
474 789 619 874 sexaginta
629 791 687 859 fere
698 798 782 855 amb·

93 898 137 935 cus
152 875 257 954 Populi
268 872 411 943 Romani,
424 895 499 933 anno
515 876 579 933 vitat
595 871 649 934 suae
666 896 772 939 xcvn.

93 976 237 1025 mortuus,
256 954 444 1037 quadraginta
465 972 585 1036 quantor
604 953 670 1016 filiis
689 958 773 1016 relic-

92 1042 143 1108 tis,
162 1038 329 1116 Scipionem
346 1033 497 1115 dipisotem
513 1039 594 1120 regni
609 1039 679 1097 inter
699 1036 775 1109 filios

94 1117 143 1195 effe
164 1120 254 1198 jussit.

132 1201 200 1260 XIL
226 1197 307 1260 Ctim
326 1201 413 1284 igitur
432 1202 538 1260 clarum
557 1199 700 1340 Scipionis
723 1223 776 1262 no·

45 1296 76 1309 ⁸
94 1305 160 1342 men
175 1279 242 1341 elset
252 1327 263 1352 ‚
275 1283 385 1360 juvenis
400 1281 513 1352 adbuc,
534 1281 602 1342 Con
617 1283 646 1342 ul
667 1281 776 1343 estfac-

95 1385 154 1435 tus,
170 1373 201 1424 δι’
212 1378 311 1422 contra
326 1361 536 1446 Carthaginem
547 1360 650 1424 millus.
667 1364 695 1424 Is
710 1386 775 1426 eam

95 1447 186 1526 cepit,
211 1466 245 1504 ac
262 1443 349 1503 diruit
367 1467 374 1501 ε
394 1444 483 1526 spolia
500 1446 542 1504 ibi
558 1448 693 1517 inventa,
714 1447 778 1530 qux

91 1530 237 1587 uariarum
259 1527 404 1585 civitatum
421 1525 535 1586 excidiis
553 1526 703 1611 Carthago
718 1530 778 1588 col·

94 1610 222 1693 legerat3
242 1616 270 1667 δε
290 1627 455 1668 ornamenta
470 1610 601 1680 urbium,
617 1610 780 1673 civinnbue

95 1693 217 1760 Siciliae,
236 1689 346 1761 Italiae,
365 1688 468 1751 Africae
486 1688 625 1759 reddidit,
648 1711 710 1772 quae
726 1690 779 1752 su‘ae

94 1768 346 1856 recognoscebant.
366 1771 409 1830 Ita
425 1769 591 1909 Carthalgo,
604 1793 674 1831 occ
699 1793 778 1832 anno

96 1852 247 1935 postqubm
265 1851 380 1912 condita
400 1873 475 1924 erat,
496 1851 587 1911 decta
610 1851 657 1912 est.
681 1852 779 1932 Scipio

96 1956 205 1994 nomen
217 1981 227 2005 ,
240 1932 319 2015 quod
329 1954 396 1993 avus
407 1939 464 2012 ejus
480 1951 641 2013 acceperat,
657 1936 780 1993 meruit:

96 2015 207 2076 scilicet
218 2020 255 2074 ut'
261 2034 371 2096 propter
385 2017 517 2074 virtutem
530 2016 616 2074 etiam
627 2014 687 2095 ipse
700 2014 781 2075 Afri*

96 2120 186 2159 canus
205 2099 305 2158 Junior
321 2100 475 2158 uocaretur.
517 2122 521 2131 ,
779 2118 783 2125 ·

140 2179 242 2239 XIII.
263 2178 379 2238 Interim
405 2181 442 2238 in'
459 2179 633 2239 Macedonici
661 2179 782 2260 quidam

96 2257 369 2341 Pseudo-philippus
391 2268 469 2347 arma
487 2263 596 2330 movit,
619 2269 646 2320 &
669 2261 782 2321 Roma·

98 2364 169 2402 num
183 2343 354 2412 Praetorem,
368 2342 500 2401 Publium
512 2343 694 2413 latentium,
705 2364 780 2401 con-

97 2443 144 2484 tra
174 2422 205 2485 se
228 2420 364 2493 millum,
391 2422 427 2482 ad
454 2424 673 2483 internecionem
704 2426 784 2485 vicit.

98 2503 168 2565 Post
179 2527 246 2564 eum
261 2505 301 2581 Q.
312 2503 446 2565 Caecilius
454 2505 609 2574 Metellus,
620 2504 676 2562 dux
689 2494 706 2561 i
716 2505 786 2562 Ro-

98 2588 197 2647 manis
208 2606 304 2646 contra
314 2584 606 2675 Pseudo-philippum
619 2579 715 2643 nullus
729 2584 787 2657 est,

98 2678 128 2729 δι
139 2670 245 2769 viginti
255 2669 381 2806 quinepue
392 2669 518 2727 millibus
534 2688 567 2725 ex
582 2665 717 2726 militibus
728 2672 788 2746 ejus

97 2752 225 2821 occisas,
240 2750 327 2809 Mace
351 2751 448 2808 oniam
459 2751 580 2828 recepit3
593 2750 686 2828 ipsum
699 2751 788 2808 etiam

98 2828 414 2913 Pseudo-philippum
441 2832 472 2891 in
502 2827 674 2910 'potestatem
706 2828 786 2891 luam

99 2913 224 2998 redegit.
460 2927 462 2930 ’
