1972 3624
257 294 651 370 unanimum
726 303 791 388 365

111 433 200 488 rm,
224 414 311 478 missa
332 416 500 500 legatione,
519 415 677 476 amicitiam
698 415 799 496 populi

111 497 239 558 Romani
265 499 378 579 rogavit
390 543 402 567 ,
428 519 462 558 ac
481 497 593 558 meruit.
616 496 650 556 L.
666 495 800 558 Lucullus

112 575 316 640 Mithridatem
329 597 453 661 ,regno
479 578 567 639 Ponti
591 595 731 650 exutum,
761 574 800 639 ad

111 659 281 723 Armeniam
304 656 461 742 persecutus
481 656 531 720 est.
554 657 701 743 Tigranen
715 704 726 731 ‚
740 657 798 719 Ar-

105 742 275 807 meniorum
301 760 427 880 repem,
452 760 518 800 cum
539 736 646 823 septem
673 740 800 802 millibus

113 821 678 1043 luilllipldlll'f‘l‘dll
691 840 800 963 llll
863 982 866 987 .

114 992 142 1046 δι
157 987 226 1044 osto
243 986 281 1045 m'
308 983 370 1044 'bus
382 982 579 1043 Romanorum
593 983 671 1043 vicit.
687 981 798 1067 Tigra-

114 1084 256 1136 nocetta,
285 1066 442 1125 maximam
464 1063 607 1135 Armeniae
629 1063 799 1138 civitatem,

114 1146 296 1240 expugnauit.
314 1144 492 1238 Madenam,
506 1147 635 1225 opimam
648 1145 800 1239 Atmenio·

114 1224 802 1387 {lmnzldxllmlllltnl‘llltl‘ll

116 1386 200 1449 fratre
218 1390 291 1470 regis
310 1389 391 1470 cepit.
406 1384 537 1447 Tendere
555 1388 587 1447 in
605 1385 702 1449 Persas
717 1407 801 1470 para·

115 1485 180 1539 tus,
201 1465 380 1529 successorem
404 1464 533 1548 suscepit.

155 1550 240 1612 XVI.
261 1549 320 1611 Cn.
334 1549 486 1628 Pompeius
501 1566 618 1629 experta
636 1546 801 1623 felicitatis,

115 1629 155 1693 ud
171 1627 399 1692 Mithridaticum
417 1629 524 1689 bellum
544 1624 660 1700 milsus,
680 1626 802 1690 Mithri-

116 1710 202 1773 daten
221 1714 252 1772 in
262 1710 399 1772 'Armenii
413 1711 524 1770 minore
537 1712 625 1770 nod'cu
641 1705 800 1793 adgressus,

117 1793 213 1876 praelio
231 1789 393 1872 superavit:
412 1792 488 1850 casis
506 1788 617 1850 duobus
632 1794 659 1849 δι
677 1790 802 1871 quadra-

139 1867 497 2013 ililnilll'uilssffiill
512 1867 605 2010 ‘lli
614 1874 674 2011 ‘l‘
686 1871 802 2014 iffi

117 2035 270 2094 comitibus
289 2035 320 2094 in
342 2028 492 2112 Bosporon
510 2028 585 2114 sugit
603 2028 612 2089 ὲ
630 2030 673 2091 ibi
696 2030 801 2113 despe-

114 2115 227 2176 ratione
246 2133 338 2173 retum
358 2109 497 2183 suatum,
518 2131 660 2172 venenum
678 2107 773 2173 hausit
786 2155 803 2186 ,

116 2201 147 2255 dt
160 2192 226 2255 cun
242 2191 343 2274 partlm
363 2211 459 2277 ageret
470 2193 515 2252 vis
536 2193 639 2253 veneni
652 2236 663 2264 ‚
680 2189 698 2253 l
709 2194 803 2255 milite

117 2272 171 2337 suo
190 2319 202 2346 ,
232 2293 263 2334 ut
291 2272 366 2335 ferto
395 2290 604 2355 percuteremr,
631 2273 802 2354 impetravit.

112 2353 271 2435 Pompeius
286 2355 484 2419 auxiliatorem
502 2351 680 2414 Mithridatis
695 2353 805 2437 Tigra·

111 2457 174 2496 rien
198 2481 211 2506 ,
245 2436 448 2497 Armeniorum
481 2451 610 2518 regem,
645 2432 805 2514 persecutus

112 2514 158 2577 est
173 2541 181 2574 z
195 2517 243 2577 ille
266 2515 295 2578 se
317 2519 369 2587 ei,
395 2516 495 2577 oblato
517 2515 705 2587 diademate,
728 2513 804 2596 apud

115 2598 256 2660 Artaxata
276 2598 393 2659 dedidit.
409 2598 539 2677 Recepta
554 2595 618 2658 sunt
633 2597 669 2656 ab
686 2617 722 2656 eo
735 2596 805 2658 Mo·

115 2676 302 2758 soporamia‚
317 2679 403 2761 syri:
414 2724 425 2751 ,
438 2688 467 2740 δι
480 2680 624 2760 aliquanta
640 2697 703 2760 pars
715 2675 804 2739 Phoa-

116 2761 218 2833 uiees3
239 2779 323 2841 atque
342 2762 415 2821 intra
425 2761 592 2821 Armeniam
610 2762 747 2840 majorem
763 2778 805 2820 re·

118 2860 208 2925 gnate
225 2837 369 2925 permissus
391 2837 439 2904 est.
456 2839 539 2906 Idem
555 2840 708 3003 Ροόρξὶἰυς
724 2836 800 2911 Bos·

647 2942 669 2982 n
