2056 3628
286 230 469 305 Lrnrrn
508 233 581 305 VI.
728 257 772 321 71

106 351 184 429 poio,
202 347 375 434 Senatusque
402 356 521 427 omnis,
544 372 628 435 atque
648 353 776 417 universa

107 432 227 493 nobilitas
251 455 287 493 ex
307 436 387 499 Urbe
416 434 510 521 fugit,
530 444 559 496 &
579 436 610 496 in
631 432 775 497 Graeciam

107 516 203 574 transiit
230 537 237 573 r
265 516 340 596 apud
364 517 509 598 Epirum,
538 517 774 591 Macedoniam,

106 593 252 669 Achaiam,
265 598 406 681 Pompeio
427 599 523 670 duce,
540 599 657 660 Senatus
676 620 775 662 contra

106 674 235 737 Caesarem
250 677 358 740 bellurn
378 683 496 760 paravit.

140 757 200 819 XX.
218 759 331 832 Caesar,
353 783 473 823 vacuam
491 760 602 825 Urbem
614 759 747 845 ingressus
760 809 773 835 ,

106 835 270 901 Dislatorem
283 840 312 903 se
325 841 393 902 setit
408 867 414 900 :
433 843 499 907 inde
513 842 666 924 Hispanias
685 845 774 924 petiit.

106 915 145 979 Ibi
162 921 288 1004 Pompeii
303 926 438 985 exercitus
456 925 644 987 validissimos
662 934 689 984 &
710 923 773 985 for-

107 1001 215 1064 tissimos
232 1027 296 1066 cum
312 1007 401 1067 tribus
420 1007 559 1078 ducibus,
579 1007 613 1066 L.
631 1006 776 1079 Afranio,

106 1079 145 1143 M.
159 1084 264 1147 Petreio
279 1134 289 1160 ,
306 1087 353 1148 M.
368 1088 520 1159 Varrone,
537 1086 685 1167 superavit.
706 1086 777 1148 Inde

106 1164 245 1248 regressus,
267 1170 299 1229 in
318 1169 460 1230 Gtaeciam
474 1171 607 1242 transiit,
629 1167 777 1229 adversum

106 1241 260 1330 Pompeium
277 1249 448 1311 dimicavit:
465 1253 558 1332 primo
575 1251 670 1330 praelio
687 1250 777 1311 vishus

106 1323 161 1401 est,
177 1339 203 1392 &
216 1331 353 1415 fugatus3
369 1334 457 1392 evasit
473 1352 571 1393 tamen
584 1376 594 1402 ,
609 1333 678 1413 quia
694 1334 778 1391 noste

107 1406 295 1474 interveniente
315 1413 466 1494 Pompeius
490 1412 569 1496 sequi
589 1414 704 1482 noluit,
727 1411 777 1472 di-

107 1491 190 1573 xitque
201 1494 299 1557 Caesar
310 1539 321 1568 ,
334 1518 382 1557 nec
392 1496 553 1571 Pompeium
564 1493 637 1574 scire
650 1497 758 1557 vincere
765 1541 777 1567 ,

107 1567 131 1632 θ
143 1575 189 1634 illo
199 1576 307 1637 tanrhm
319 1578 364 1637 die
377 1576 409 1656 se
416 1575 532 1655 poturffe
538 1576 673 1655 strperarr'.
688 1575 778 1637 Dein-

107 1651 138 1712 de
160 1657 187 1716 in
210 1655 358 1719 Thessali&
387 1658 462 1739 apud
489 1654 744 1738 Palaepharsalum
767 1702 779 1730 ,

107 1735 234 1815 prolusiis
255 1742 387 1821 utrinque
409 1741 571 1824 ingentibus
592 1741 703 1819 copiis,
729 1738 778 1798 di-

107 1818 279 1882 micaverunt.
298 1822 429 1902 Pompeii
447 1823 521 1882 acies
538 1818 640 1881 habuit
657 1817 781 1900 quadra·

107 1899 177 1980 ginta
193 1903 285 1964 millia
305 1902 451 1983 peditum,
477 1903 584 1984 equites
612 1902 642 1960 in
671 1896 781 1961 sinistro

107 1999 184 2043 cornu
210 1983 380 2056 sexcentos,
404 1987 435 2045 in
460 1983 557 2044 dextro
584 1983 781 2066 quingentos3

106 2079 222 2141 praterea
252 2067 340 2126 totius
370 2065 497 2128 Orientis
526 2066 657 2135 auxilia,
689 2084 782 2124 totam

106 2146 277 2208 nobilitatem
290 2194 302 2218 ,
323 2149 485 2208 innumeros
506 2146 677 2216 Senatores,
703 2146 780 2205 Ptae·

106 2228 206 2300 torios‚
220 2227 414 2300 Consulares,
433 2238 461 2290 &
493 2230 524 2287 ui
534 2248 705 2311 magnorum
720 2232 781 2305 jam

106 2310 266 2387 populorum
283 2313 403 2371 visiones
420 2249 540 2371 fuissent.
561 2306 658 2371 Caesar
674 2310 704 2368 in
721 2310 782 2368 atie

106 2384 149 2448 sul
171 2389 271 2453 habuit
295 2392 422 2472 peditum
445 2414 505 2452 non
529 2393 639 2475 integra
666 2391 783 2472 triginta

105 2471 211 2545 millia,
232 2475 342 2555 equites
359 2474 447 2535 mille.

140 2554 219 2615 XXI.
230 2556 401 2637 Numquam
420 2553 512 2616 adhuc
530 2555 670 2615 Romana
693 2552 780 2631 sopite

105 2632 260 2709 inunum,
280 2658 373 2719 neque
392 2642 537 2717 majores,
559 2653 651 2716 neque
674 2632 781 2692 melio-

103 2717 172 2777 ribus
187 2719 306 2781 ducibus
322 2762 331 2792 ,
354 2737 566 2788 convenerant,
587 2735 678 2776 totum
701 2734 788 2774 tetra·

104 2815 161 2859 tum
184 2800 286 2862 orbem
315 2799 400 2862 sacili
424 2797 600 2873 subalbum,
630 2800 654 2859 si
684 2817 782 2856 contra
