1972 3624
169 238 191 249 Ἃ
242 266 307 352 338
358 261 485 332 Aure.
514 262 794 335 Vrcronrr

239 383 349 442 ditibus
371 381 461 442 Tauri
486 387 592 444 montis
615 384 690 464 apud
713 384 910 465 Mopsucrenen

239 462 314 524 febri
340 462 501 535 acerrimi,
531 485 618 546 quarn
642 466 803 548 indignatio
831 471 909 528 nimia

239 547 345 628 vigiliis
368 547 510 627 augebat,
530 547 636 607 interiit
655 568 731 607 anno
749 550 802 608 aevi
820 568 909 629 quarto

239 635 266 685 δι
285 625 525 709 quadragesimo,
546 629 657 708 imperii
672 650 752 689 nono
771 648 850 711 atque
864 633 923 702 tri·⁸

238 710 375 780 cesimo,
403 705 502 767 verrirn
525 706 666 791 Augustus
691 729 792 791 quarto
813 712 907 772 vicesi-

237 808 367 870 moque3
389 791 456 848 odio
480 786 579 859 solus,
602 811 666 850 cum
685 790 815 851 fratribus
833 811 860 850 at
878 813 908 851 ue

236 870 409 953 Magnentio
437 868 589 942 sedecim,
621 873 784 952 quindecim
812 813 906 934 Caelar.

236 951 315 1012 Felix
332 951 413 1011 bellis
433 951 583 1022 civilibus,
604 956 725 1014 externis
743 953 906 1033 lacrymabi-

235 1033 270 1093 lis
283 1056 293 1105 3
316 1036 403 1092 mirus
424 1030 524 1092 artifex
544 1035 574 1093 in
594 1030 724 1117 sagittis;
745 1032 762 1093 ‘a
781 1036 844 1095 cibo
864 1038 906 1094 vi-

226 1120 333 1196 'noque
351 1123 378 1175 &
396 1112 499 1175 somno
519 1112 640 1175 mulnim
659 1133 836 1195 temperans,
858 1137 906 1197 pa-

235 1199 309 1257 tiens
337 1196 473 1268 laboris,
504 1194 643 1257 facundiae
668 1196 803 1278 cupidus,
827 1218 906 1277 quam

235 1276 301 1338 crim
323 1273 427 1357 affequi
442 1276 573 1337 tarditate
594 1280 703 1361 ingenii
723 1300 781 1338 non
803 1274 906 1358 pollet,

234 1360 299 1419 aliis
325 1358 479 1418 invidebat.
508 1358 673 1439 Spadonum
704 1361 907 1440 aulicorumque

233 1442 329 1501 amori
346 1439 456 1499 deditus
476 1448 503 1499 &
520 1460 659 1510 uxorum,
680 1441 784 1520 quibus
802 1460 906 1500 conten

235 1540 302 1593 tus,
327 1519 405 1581 nulli
429 1521 547 1583 libidine
572 1519 729 1581 transversa
747 1542 794 1581 aut
814 1519 906 1600 injusti

182 1634 189 1645 -
233 1604 422 1682 polluebatur.
442 1601 497 1661 Sed
516 1624 549 1662 ex
569 1603 755 1685 conjugibus,
773 1623 841 1683 quas
854 1602 905 1682 plu·

234 1685 321 1745 rimas
341 1681 454 1743 sortitus
473 1678 531 1754 est,
569 1683 685 1764 raecipue
703 1682 853 1744 Eusebiam
868 1683 904 1741 di·

233 1764 321 1838 lexit,
340 1764 473 1825 decoram
493 1704 630 1845 quidem,
652 1763 748 1824 verrim
767 1785 815 1844 per
834 1763 904 1824 Ada-
961 1830 962 1847 χ

233 1850 356 1907 mantiae
376 1855 403 1906 &
423 1846 610 1927 Gorgonias‚
631 1855 659 1906 &
680 1846 736 1906 alia
754 1847 903 1927 importuna
960 1894 961 1899 1

233 1926 388 1988 ministeria
413 1946 561 1987 vexantem
588 1925 697 1986 famam
719 1930 773 1988 viri
792 1947 902 1997 contra,
959 1926 960 1947 ³

233 2008 320 2091 quam
355 2008 469 2071 feminis
499 2006 714 2068 modestioribus
746 2028 810 2068 mos
840 2005 900 2075 est,

232 2112 353 2171 quarum
386 2088 457 2170 saepe
488 2109 623 2170 praecepta
656 2091 774 2149 maritos
805 2094 900 2169 jurant.

232 2171 368 2254 Namque
399 2190 430 2230 ut
454 2189 563 2231 caeteras
588 2172 751 2240 omittam,
778 2170 899 2250 Pompeia

230 2252 368 2322 Plotina,
385 2251 548 2312 incredibile
567 2251 641 2311 didlu
659 2249 719 2323 est,
739 2270 844 2332 quanto
858 2266 900 2307 au·

231 2337 304 2396 xerit
328 2335 448 2420 gloriam
469 2333 613 2412 Trajani3
638 2337 716 2410 cujus
743 2346 898 2413 procurato·

232 2438 276 2477 res
300 2415 363 2477 crim
387 2417 543 2496 provincias
575 2416 723 2474 calumniis
749 2416 898 2497 agitarent,

231 2495 303 2558 adeb
330 2517 360 2558 ut
390 2518 460 2556 unus
488 2517 522 2554 ex
549 2498 583 2555 iis
614 2495 753 2555 diceretur
783 2492 897 2572 locuple·

230 2583 302 2639 tium
316 2600 401 2660 quem
423 2599 457 2637 ue
477 2580 516 2635 ita
535 2579 705 2639 convenire:
722 2575 795 2653 Quae
806 2573 896 2633 haberi

228 2661 326 2731 alter,
352 2601 439 2723 Unde
464 2656 582 2717 habes?
606 2660 727 2726 tertius,
748 2658 826 2716 Pone
846 2670 897 2733 que

217 2739 318 2800 <habes
339 2764 350 2813 3
375 2742 424 2802 illa
452 2744 604 2822 conjugem
633 2741 766 2818 corripuit
788 2760 798 2808 3
825 2750 896 2813 atque

232 2825 429 2903 increpitans,
451 2820 528 2902 qubd
551 2822 642 2881 laudis
665 2819 718 2879 suae
742 2815 807 2879 esset
824 2820 895 2875 incu-

232 2902 342 2973 tiosus,
362 2904 447 2965 talem
465 2902 609 2981 reddidit,
625 2922 657 2962 ut
674 2898 769 2981 posted
786 2896 895 2975 eradio·
