2056 3628
541 206 559 239 0

207 291 254 371 7o
377 281 698 350 Eurnorrt

207 395 364 486 aggressus,
381 401 596 460 immanissimis
607 400 706 481 ptaeliis
718 399 794 458 vicit.
814 398 891 460 Inter

158 556 159 560 Ἰ
208 503 252 544 tot
261 479 393 543 successus
404 502 444 541 ter
453 482 528 541 male
536 483 690 565 pugnavits
702 479 776 561 apud
787 481 892 541 Arver-

207 587 260 625 nos
276 563 363 624 semel
385 561 523 644 praesens,
543 561 686 624 &absens
709 565 738 621 in
761 563 890 625 Germa-

207 647 256 706 nia
273 646 338 717 bis3
358 667 426 708 nam
444 645 531 728 legati
550 650 609 724 ejus
623 645 699 715 duo,
719 643 845 704 Titurius
864 653 892 706 δι

207 726 432 798 Aurunculeius,
452 748 499 807 pet
519 726 636 787 insidias
658 727 721 786 caesi
743 723 816 786 sunt.

247 808 392 869 XVIII.
414 808 501 869 Circa
525 807 625 868 eadem
647 827 793 886 tempora,
813 827 891 868 anno

206 890 296 953 Urbis
317 890 437 950 conditae
460 910 608 950 ncxovn.
628 889 743 949 Marcus
764 889 892 950 Licinius

207 969 343 1044 Crassus,
360 972 470 1054 collega
491 970 548 1032 Cn.
568 971 698 1053 Pompeii
714 970 841 1053 Magni,
859 972 890 1033 in

209 1052 370 1116 Consulatu
385 1051 524 1124 secundo,
542 1072 638 1112 contra
656 1048 776 1113 Parthos
794 1049 891 1112 missus

208 1134 248 1194 est
265 1159 272 1193 z
287 1145 314 1197 δι
335 1134 399 1195 crim
410 1137 487 1194 circa
506 1133 610 1195 Carras
629 1153 727 1194 contra
745 1134 892 1194 omina&

208 1216 333 1298 auspicia
355 1212 524 1286 dimisisset,
544 1213 560 1274 ‘a
576 1215 682 1276 steens
695 1213 803 1275 Orodis
816 1216 891 1298 tegis

209 1299 279 1358 duce
300 1301 406 1370 vietus,
426 1298 462 1359 ad
480 1294 651 1378 postremum
670 1293 832 1356 interfesius
849 1293 891 1355 est

208 1401 275 1440 cum
293 1379 374 1450 filio,
396 1380 551 1440 clarissimo
564 1387 591 1438 δι
605 1376 830 1459 praestantissimo
847 1381 892 1456 ju-

207 1482 288 1522 vene.
306 1461 444 1543 Reliquiae
467 1457 601 1520 exercitiis
622 1480 670 1540 per
696 1459 733 1522 C.
753 1457 891 1520 Cassium

207 1540 385 1619 Quzstorem
412 1539 524 1600 servatae
549 1538 614 1601 sunt
639 1564 647 1600 r
675 1544 725 1623 qui
753 1541 891 1622 singulari

209 1625 308 1684 animo
366 1623 451 1682 rditas
472 1642 513 1682 res
529 1621 608 1682 tant&
626 1624 727 1683 virtute
751 1620 891 1695 restituit,

209 1723 242 1766 ut
263 1644 365 1765 Persai
373 1750 383 1775 ‚
404 1704 535 1775 rediens,
555 1723 630 1764 trans
644 1701 807 1786 Euphraten
823 1724 889 1764 cre-

208 1787 265 1846 bris
316 1787 383 1846 aeliis
399 1787 531 1846 vinceret.

249 1868 277 1928 X
293 1868 331 1928 X.
345 1867 424 1927 Hinc
440 1872 500 1946 jam
512 1865 618 1927 bellum
633 1865 729 1928 Civile
740 1864 890 1939 successit,

208 1947 408 2010 exsecrandum
426 1957 453 2010 δι
472 1948 674 2029 lacrymabi1e3
689 1970 769 2030 quo,
792 1966 891 2028 praeter

209 2031 383 2091 calamitates
392 2051 453 2111 quae
464 2033 495 2089 in
502 2030 601 2109 praeliis
617 2030 790 2100 acciderunt,
800 2031 890 2089 etiam

208 2111 334 2172 Romani
345 2112 470 2172 nominis
485 2109 597 2171 fortuna
608 2131 716 2172 mutata
727 2109 774 2171 en
790 2108 892 2170 Caesat

207 2194 304 2264 onim,
317 2192 426 2253 rediens
438 2213 472 2252 ex
483 2191 580 2253 Gallia
596 2194 702 2265 vidior,
717 2194 802 2273 coepit
815 2189 890 2271 pos·

207 2294 269 2334 cere
298 2273 417 2335 alterurn
442 2271 655 2346 Consulatum3
683 2293 769 2356 atque
795 2274 836 2332 ita
857 2292 893 2335 ut

206 2357 267 2416 sine
288 2355 431 2417 dubietate
453 2357 480 2416 ei
497 2355 593 2437 aliqui
610 2354 761 2416 deferretur
776 2378 786 2426 3
811 2375 890 2414 con-

152 2493 156 2499 .
206 2438 357 2498 tradistum
369 2436 408 2497 est
423 2435 440 2496 ὲ
452 2437 593 2497 Marcello
606 2436 752 2509 Consule,
764 2436 781 2496 al
799 2435 893 2496 Bibu-

206 2519 258 2593 lo,
274 2517 291 2580 ὲ
307 2519 466 2602 Pompeio,
485 2517 504 2578 ti
523 2518 660 2591 Catone;
679 2516 817 2600 juliusque
836 2517 890 2577 di-

207 2603 301 2662 missis
317 2601 481 2662 exercitibus
497 2600 534 2661 ad
551 2601 662 2663 Urbem
677 2600 764 2661 redire
778 2622 784 2656 :
800 2620 890 2679 ptop-
941 2655 949 2661 .

206 2698 247 2741 ter
256 2704 344 2764 quam
354 2685 501 2765 injuriam,
513 2682 550 2742 ab
561 2683 709 2754 Arimino,
720 2683 769 2743 ubi
783 2681 893 2742 milites

208 2780 397 2848 ¹congregatos
418 2763 570 2835 habebat,
595 2763 742 2825 adversum
766 2763 892 2844 patriam

208 2866 273 2904 cum
300 2848 420 2905 exercitu
440 2847 525 2931 venit.
550 2843 691 2907 Consules
715 2867 780 2905 cunt
803 2843 893 2902 Pom-
