2056 3628
93 254 808 386 uffffitfflffin

107 449 414 523 BALTHASAR
438 447 647 518 BONIFA
657 449 711 517 CI
720 445 787 516 US

174 618 267 703 DE
308 611 713 703 EUTROPIO=

129 765 168 832 Io
192 760 365 851 Excerptis
390 757 428 825 de
453 759 601 827 Romana
628 757 765 848 Hssoriae

334 853 556 947 scrinio-ribus.

112 965 282 1095 Firmos
295 1032 486 1094 Eurrtorros
508 1031 605 1092 decern
621 1031 809 1093 brevissimis*

109 1118 186 1176 libris
209 1116 372 1175 Romanam
393 1110 550 1172 Historiam
569 1112 687 1173 strictim
707 1134 792 1173 coni-

111 1199 232 1279 plexus‚
252 1195 334 1255 Pauli
350 1194 476 1254 Diaconi
496 1194 598 1273 injurii
618 1193 792 1275 pmdullus,
869 1230 872 1235 »
905 1187 907 1191 ’

112 1301 144 1340 ac
160 1300 195 1337 ex
216 1275 344 1335 conferto
372 1275 487 1335 dilutior
515 1272 651 1345 effecius,
677 1295 795 1336 omnem

112 1360 183 1441 pene
197 1357 367 1441 dignitatem
381 1357 476 1415 amisit
488 1378 497 1425 3
518 1356 608 1416 donec
620 1354 697 1416 fideli
710 1357 796 1437 operi

112 1441 236 1501 Antonii
251 1435 409 1498 Schonovii
426 1435 563 1497 restitutus
581 1440 612 1497 in
632 1440 797 1521 integrum,
862 1445 866 1455 ’

112 1532 141 1584 &
170 1518 297 1600 quodam
327 1520 409 1600 quasi
437 1516 612 1599 postliminio
641 1519 797 1592 reversus,

112 1600 260 1684 pristinum
271 1602 366 1660 locum
380 1619 559 1679 recuperaret.
571 1601 718 1660 Diaconos
731 1602 798 1673 ille,

114 1685 229 1743 monitu
255 1681 441 1763 Adilbergae,
462 1681 602 1741 Desiderii
624 1683 797 1765 Langobar-

115 1767 219 1825 dorum
247 1762 333 1847 Regis
358 1760 446 1831 fifiae,
468 1783 527 1822 non
556 1761 647 1822 solunt
676 1766 800 1823 austorir

114 1845 198 1906 hu'us
228 1840 374 1903 historiam
405 1845 570 1922 interpolem
598 1844 723 1912 fecerat,
750 1842 800 1905 sed

114 1868 209 2006 iplam
229 1925 301 2004 pene
321 1942 412 1983 totam
434 1924 604 1996 inverterat,
623 1924 689 1983 dum
710 1926 801 1986 multa

115 2009 152 2068 de
173 2005 226 2066 suo
249 2004 414 2075 infarciret,
438 2005 584 2086 multaque
606 2008 709 2086 passim
731 2007 800 2067 adi·
927 2048 929 2053 ψ

114 2106 229 2158 metet,
247 2105 296 2146 aut
314 2084 481 2146 transferret.
498 2087 638 2146 Militavit
649 2088 800 2170 Eutropius

115 2169 172 2229 sub
200 2166 314 2227 Juliano
338 2166 494 2247 parabati,
517 2189 550 2226 ac
576 2167 736 2240 desertore,
759 2170 800 2228 li·
891 2190 903 2207 r

114 2252 259 2329 brumqtte
274 2246 355 2307 suum
376 2247 517 2308 dedicavit
531 2249 657 2310 Valenti.
675 2250 737 2309 Ne'c
756 2249 802 2312 sa·

14 2354 15 2367 ¹
116 2333 153 2391 tis
185 2330 299 2411 liquet,
325 2333 403 2406 eujus
433 2329 480 2387 ille
511 2329 594 2389 fuerit
621 2332 766 2414 religionis
789 2355 802 2403 3

58 2426 60 2429 “
115 2412 226 2493 quippe
250 2411 323 2489 qui,
341 2410 373 2468 in
393 2411 552 2470 colliminio
570 2413 747 2471 tenebrarum
769 2433 805 2471 ac

115 2493 191 2553 lucis
205 2488 387 2572 constitutur,
400 2508 452 2570 nec
463 2492 643 2576 Reginorum
657 2495 724 2552 ritus
739 2514 806 2573 pro-

117 2575 223 2642 baret,
243 2591 295 2629 nec
308 2566 425 2631 Christo
443 2580 540 2645 tam'en
556 2569 672 2641 dediffet
687 2594 804 2636 nomen.

116 2650 287 2733 Sophistam
306 2651 408 2727 Italum
430 2652 660 2732 voeatfiuidas3
682 2654 804 2715 eodem-

142 2755 181 2792 ue
199 2734 315 2792 nornine
339 2731 463 2793 c'ensetui
476 2731 699 2817 in'Ori‘gi'nibus
719 2737 804 2797 Con·
841 2768 844 2771 ·

188 2813 388 2897 tinopolitunis.
412 2816 585 2899 Quanquam
601 2838 661 2877 non
681 2814 803 2890 desunt,
