2010 3616
235 304 302 367 170
375 276 756 349 Aum'VrcTon

231 400 380 482 cognitum
398 395 459 469 est,
482 418 546 458 eam
564 396 663 456 urbem
682 417 767 479 caput
786 396 902 482 gentium

231 479 363 549 suturam.
388 479 428 538 Et
455 479 519 538 crim
538 480 569 538 in
588 479 738 539 obsidione
754 480 848 541 Ardea
868 479 900 538 fi-

231 562 285 621 lius
303 566 361 639 ejus
377 560 512 621 Lucretiae
531 558 654 641 stuprum
673 559 827 633 intulisset,
846 582 902 620 cum
989 600 990 603 =

232 663 267 701 eo
282 645 311 702 in
325 642 455 701 exsilium
470 645 571 712 astus,
592 641 629 702 ad
642 641 815 705 Porsennam
828 642 903 703 Etru·
989 662 990 675 ¹

231 725 278 783 riae
305 744 402 807 regem
434 722 519 790 confu
543 725 588 795 it,
617 728 694 804 cujus
720 745 903 808 ope-regnunt

231 807 349 865 retinere
372 807 498 865 tentavit.
521 744 640 877 iulius,
666 806 777 867 Cumas
796 826 902 867 conces-

233 889 291 958 sit,
320 886 370 946 ubi
393 908 441 967 per
465 884 608 947 summam
632 889 824 970 ignominiam
843 889 903 948 reli-

233 990 323 1050 quum
344 988 407 1029 vrtae
427 988 537 1047 tempus
552 989 601 1027 exe
623 970 654 1028 it.
816 988 818 994 ·

274 1050 331 1110 IX.
352 1050 525 1130 Tarquinius
546 989 710 1111 Coliatinus
731 1049 824 1110 sorore
835 1048 904 1111 Tar·

234 1132 327 1214 quinii
341 1132 458 1212 Superbi
473 1133 604 1215 genitus,
625 1133 655 1190 in
674 1133 856 1192 contubernio
872 1136 907 1210 ju·

235 1235 340 1274 venum
367 1215 509 1296 regiorum
537 1211 637 1273 Ardeae
666 1232 746 1283 erat3
776 1213 826 1272 ubi
852 1211 908 1271 edm
989 1218 990 1221 ’

235 1293 310 1354 forte
327 1296 357 1354 in
371 1296 500 1355 liberiore
516 1295 649 1354 convivio
667 1299 818 1377 conjugem
837 1292 908 1354 suam

235 1374 426 1457 unusquisque
439 1374 565 1436 laudaret
577 1421 586 1446 ,
600 1375 705 1454 placuit
719 1377 846 1455 experiri.
862 1375 912 1435 Ita-

234 1480 292 1538 que
311 1460 390 1537 equis
399 1457 527 1517 Romam
564 1475 650 1516 erunt.
664 1456 770 1539 Regias
788 1479 870 1517 nurus
885 1459 912 1517 in

236 1540 371 1599 convivio
394 1539 509 1599 &luxu
535 1478 769 1620 deprehendunt,
800 1547 828 1598 δι
853 1537 913 1598 inde

238 1619 396 1680 Collatiam
411 1638 516 1701 petunt.
538 1620 699 1679 Lucretiam
717 1620 789 1678 inter
805 1620 915 1680 ancillas

237 1702 268 1761 in
288 1699 414 1761 lanificio
432 1697 604 1772 offendunt,
626 1703 722 1782 itaque
738 1721 772 1760 ea
792 1702 914 1781 pudicis·
989 1750 990 1779 q

237 1784 311 1842 sima
334 1782 481 1861 judicatur.
504 1780 551 1842 Ad
575 1803 663 1862 quam
686 1782 916 1862 corrumpendam

237 1862 409 1945 Tarquinius
423 1864 521 1925 Sextus
537 1868 620 1923 nodie
638 1863 797 1925 Collatiam
815 1865 917 1935 rediit.

238 1955 267 2007 δι
285 1951 345 2025 jure
362 1946 579 2026 propinquitatis
596 1946 626 2004 in
644 1944 763 2005 domum
780 1944 919 2007 Collatini
989 2002 990 2011 ,

238 2029 336 2096 venit,
358 2036 385 2086 &
404 2026 564 2086 cubiculum
583 2027 716 2086 Lucretiae
735 2028 856 2106 irrupit,
876 2049 920 2108 pu·
989 2100 990 2103 Ἴ

239 2107 369 2167 dicitiam
390 2110 569 2191 expugnavit.
591 2107 645 2167 Illa
667 2104 776 2189 postero
798 2107 846 2167 die
867 2110 919 2169 ad·
989 2112 990 2147 l

239 2189 350 2249 vocatis
374 2209 451 2268 patre
472 2199 499 2249 δι
524 2192 608 2267 conju
629 2210 667 2260 e,
688 2208 748 2248 rem
771 2188 920 2269 exposuit,

241 2278 270 2330 &
287 2266 315 2329 se
332 2271 442 2342 cultro,
463 2291 548 2352 quem
567 2209 640 2330 rese
657 2287 783 2340 texerat,
803 2271 920 2332 occidit.

240 2351 289 2413 Illi
305 2353 335 2412 in
349 2353 465 2412 exitium
478 2372 577 2435 regum
595 2349 792 2430 coniurirrunt,
813 2372 924 2412 eorum·

241 2453 297 2515 que
316 2433 414 2493 exsilio
434 2453 532 2493 necem
551 2432 685 2492 Lucretiae
699 2432 925 2496 vindicaverunt.

282 2510 329 2574 X(
342 2515 375 2574 L.
405 2516 503 2577 lunius
529 2514 628 2574 Brutus
654 2512 747 2572 sorore
770 2512 927 2596 Tarquinii

234 2595 360 2677 Superbi
371 2599 501 2678 genitus,
522 2593 586 2654 crim
599 2595 718 2656 eandem
732 2592 879 2656 fortunam
892 2596 930 2656 ti-

241 2696 350 2747 meret,
373 2679 403 2736 in
423 2699 510 2759 quam
528 2676 612 2737 frater
626 2675 785 2745 inciderat,
810 2679 863 2757 qui
887 2679 929 2740 ob

241 2757 396 2819 divitias&
417 2759 593 2840 prudentiam
613 2759 704 2818 fuerat
725 2757 762 2817 ab
781 2760 930 2821 avunculo

241 2837 371 2911 occisus,
391 2838 537 2903 stultitiam
555 2838 656 2913 licerit,
677 2838 751 2900 unde
764 2838 866 2900 Brutus
886 2840 951 2913 di-¹
