1972 3624
225 282 618 339 ‘arraona
711 291 776 362 3„

98 406 154 466 que
181 388 302 446 exoritur
314 409 324 458 3
347 389 525 470 primumque
554 388 629 468 apud
660 388 780 452 Cibalae

98 470 177 545 juxta
195 467 325 546 paludem
340 467 475 528 Hiulcam
490 472 627 539 nomine,
640 469 782 531 Constan-

99 549 160 605 tino
175 551 257 606 nodie
274 546 359 607 castra
376 549 480 607 Licinii
498 552 689 630 irrumpente,
705 551 792 611 Licis

99 629 162 686 nius
181 625 280 709 fugam
299 631 398 707 petiit,
415 629 630 711 Bizantiumque
645 630 713 714 fugai
730 655 782 692 vo·
841 637 844 645 ’

99 707 170 766 lucri
208 710 324 768 ervenit.
346 709 390 768 Ibi
403 709 609 770 Martinianum
623 713 782 773 officiorum

98 728 265 868 magidrum
284 787 425 849 Caesarem
446 810 528 849 creat.
552 789 664 850 Dehinc
684 792 782 854 Cons-

101 870 226 928 tantinus
247 871 307 929 acie
326 872 420 949 potior
437 870 512 949 apud
531 868 693 952 Bithyniam
714 874 783 933 ade-

101 951 145 1030 git
165 950 307 1008 Licinium
322 948 403 1029 pasti
423 949 509 1010 salute
529 950 724 1013 indumentum
742 976 783 1014 re·

101 1031 183 1111 gium
205 1026 305 1088 offerre
325 1050 372 1109 per
394 1053 517 1091 uxorem.
541 1031 610 1091 Inde
633 1031 784 1094 Thessalo·

101 1111 198 1179 nicam
218 1107 350 1182 missum,
364 1110 449 1190 pauld
468 1110 529 1192 post
545 1133 607 1171 eum
624 1114 782 1175 Martinia-

101 1211 228 1271 numque
249 1192 369 1273 jugulari
389 1193 475 1269 jubet.
497 1192 555 1252 Hic
578 1194 703 1254 Licinius
727 1217 782 1255 an-

102 1292 173 1335 num
202 1271 404 1334 dominationis
428 1270 487 1330 fere
511 1270 571 1352 post
596 1276 782 1354 quartumde-

103 1354 234 1420 cimum,
255 1355 318 1412 vitat
337 1353 465 1431 proxime
486 1350 713 1434 sexagesimum,
736 1378 785 1416 oc·

104 1431 202 1491 cidit:
225 1435 345 1493 avaritiae
375 1432 504 1512 cupidine
534 1435 663 1495 omnium
692 1439 784 1515 pessi-

104 1533 190 1582 mus,
213 1534 303 1593 neque
323 1514 428 1573 alienus
451 1511 467 1571 ὲ
491 1514 558 1572 luxu
578 1519 712 1585 venerio,
734 1515 783 1577 as-

104 1613 154 1673 pet
179 1591 358 1663 admodtim,
381 1592 456 1653 haud
481 1593 662 1654 mediocriter
688 1600 784 1676 impa-

106 1676 196 1743 tiens,
215 1671 328 1734 infestus
350 1675 466 1744 litteris,
489 1696 558 1755 quas
577 1696 623 1753 per
645 1675 786 1737 inscitiam

105 1750 322 1826 immodicam,
350 1757 424 1814 virus
456 1776 488 1812 ac
514 1752 618 1834 pestem
642 1758 785 1834 publicam

105 1833 294 1905 nominabat,
307 1834 443 1915 praecipue
457 1833 596 1895 forensem
609 1834 784 1899 industriam.

106 1915 263 1998 Agraribus
287 1915 369 1993 plane
395 1937 429 1974 ac
455 1911 675 1985 rusticantibus,
706 1917 786 1996 qudd

107 1996 144 2054 ab
166 2017 201 2055 eo
230 2015 331 2076 genere
359 2013 436 2054 ortus
460 1993 536 2053 altus
552 2016 585 2053 ue
615 2015 695 2066 erat,
720 1995 787 2059 satis

107 2076 202 2147 utilis,
214 2102 216 2106 ¹
228 2097 261 2133 ac
281 2077 388 2136 militiae
405 2072 493 2134 custos
514 2017 550 2134 ad
570 2077 707 2135 Veterum
729 2075 788 2137 ins-

106 2159 190 2217 tituta
214 2153 409 2223 severissimus.
434 2155 597 2234 Spadonum
622 2165 649 2215 &
674 2159 785 2217 aulico-

108 2258 172 2296 rum
198 2240 328 2297 0mnium
354 2234 504 2306 vehemens
529 2236 674 2313 domitor,
698 2242 787 2301 tineas

107 2317 264 2398 soricesque
302 2318 379 2377 alatii
399 2339 447 2376 eos
467 2318 617 2397 appellans.

148 2400 188 2460 At
204 2339 405 2459 Contiantinus
425 2399 543 2456 obtento
561 2400 646 2456 totius
662 2398 788 2460 Romani

108 2481 241 2559 imperii,
269 2477 343 2538 mirei
362 2477 501 2536 beliorum
523 2475 680 2548 felicitate,
708 2484 787 2561 regi-

108 2563 210 2630 mine,
232 2561 254 2618 F
256 2557 331 2618 austi
357 2564 499 2639 conjuge,
523 2574 554 2615 ut
565 2576 695 2637 putant,
717 2558 787 2642 sug-

57 2704 59 2709 ,
131 2660 242 2709 erente,
259 2638 394 2719 Crispum
411 2637 501 2699 filium
515 2640 612 2696 necari
625 2639 711 2715 jubet.
732 2640 790 2700 De-

103 2661 178 2780 iinc
206 2740 322 2781 uxorem
352 2716 431 2778 suam
460 2715 589 2777 Faustam
617 2719 646 2776 in
675 2718 790 2781 balneas

110 2802 238 2862 ardentes
265 2803 422 2880 conjeciam
448 2800 611 2868 interemit,
638 2795 701 2859 crim
725 2822 790 2861 eom
