2056 3628
224 261 269 345 56
391 252 707 321 Eurnorrr

223 393 284 434 tum
306 370 406 432 absens
426 370 527 454 quintb
548 370 659 432 Consul
679 370 718 431 est
739 371 841 434 fusius.

264 454 302 514 II.
326 453 434 513 Interea
460 453 575 514 Cimbri
597 462 625 514 &
644 452 807 526 Teutones,
830 476 907 536 quo-

224 557 287 596 rum
309 537 392 616 copia
406 531 498 595 adhuc
512 534 622 596 infinita
638 554 726 617 etat,¹
735 536 773 595 ad
788 535 904 597 ltaliam

224 619 403 676 transierunt·
414 616 518 675 lterum
531 615 547 676 'a
561 617 638 678 Caio
647 617 744 677 Mario
755 628 783 677 ὅ(
792 618 905 695 Quinto

226 698 334 758 Catulo
357 717 453 758 eontra
479 718 526 756 eos
548 698 714 757 dimicatum
736 696 775 757 est
795 722 801 756 :
823 697 909 759 sedi

226 780 326 840 Catuli
359 799 436 860 patre
461 778 577 841 feliciris.
612 780 690 839 Nam
723 801 758 837 eo
786 781 886 860 pttrlio
900 827 913 851 ,

228 860 307 942 quod
330 861 413 921 simul
439 862 526 921 ambo
550 858 711 944 gesserunt,
737 880 850 921 centum
883 871 912 922 &

249 942 415 1026 uadraginta
440 944 531 1003 millia
556 961 604 1002 aut
628 944 658 1003 iu
676 940 792 1025 pugni,
813 945 912 1003 autin

227 965 300 1108 iugi
319 1023 387 1084 caesa
406 1022 488 1094 sunt,
506 1021 693 1107 &sexaginta
711 1026 802 1084 millia
818 1044 911 1104 capta.

225 1106 357 1171 Romani
379 1107 483 1165 milites
504 1127 538 1165 ex
559 1125 677 1186 utroque
704 1107 825 1164 exercitu
848 1125 910 1164 rre-

230 1189 306 1246 centi
348 1189 475 1247 etierunt.
499 1186 619 1247 Tria&
644 1188 759 1269 triginta
783 1186 915 1248 Cimbris

232 1272 312 1351 signa
327 1209 435 1329 sublata
452 1268 516 1328 sunt
536 1288 591 1327 :ex
608 1266 652 1326 his
673 1270 805 1327 exercitus
822 1269 915 1328 Marii

233 1350 290 1409 duo
308 1352 479 1429 reportavit,
494 1350 592 1411 Catuli
603 1352 737 1410 exercitus
753 1351 870 1432 triginta
885 1359 914 1410 &

225 1453 330 1495 ‚unum
349 1430 376 1490 Is
389 1432 456 1490 belli
470 1429 534 1491 finis
548 1430 602 1491 fuit
617 1428 791 1512 :triumphus
802 1433 914 1513 utrique

233 1511 357 1571 decretus
376 1511 422 1572 est.

227 1668 230 1673 Ι
274 1593 326 1653 ΙΙΙ.
354 1593 439 1653 Sexto
462 1594 538 1654 Julio
561 1594 672 1655 Caesare
691 1604 717 1657 ὅ(
738 1595 772 1655 L.
797 1594 916 1654 Marcio

233 1671 367 1754 Philippo
378 1675 551 1736 Consulibus
561 1697 669 1737 ncrrx.
686 1698 762 1736 anno
781 1676 818 1736 ab
833 1676 917 1736 Urbe

234 1754 368 1828 conditi,
390 1754 454 1816 crim
473 1757 558 1838 propi:
573 1759 628 1817 alia
646 1760 745 1817 omnia
761 1757 835 1816 bella
853 1754 918 1817 ces-

217 1834 343 1909 ‚sarent,
367 1840 397 1898 in
419 1837 503 1898 Italiei
542 1841 719 1899 ravissimum
739 1839 844 1897 bellum
865 1838 919 1896 Pi-

234 1938 348 1991 centes,
362 1921 473 1991 Marsi,
487 1860 652 2003 Pelignique
663 1939 810 1980 moverunt
827 1922 916 2000 :qui,

234 2000 300 2059 crim
318 2003 398 2060 annis
413 2003 568 2061 numerosis
580 2007 639 2080 jum
656 2002 765 2081 Populo
779 2001 917 2060 Romano

235 2081 409 2153 obedirent,
444 2102 505 2141 tum
533 2083 690 2142 libertatem
721 2083 774 2141 sibi
802 2103 916 2161 aequam

232 2159 349 2221 asserere
374 2183 524 2244 coeperunt.
542 2162 735 2223 Perniciosum
759 2161 919 2222 admodum

235 2240 293 2300 hoc
308 2245 413 2303 bellum
426 2244 490 2304 fuit.
503 2245 543 2303 P.
564 2245 684 2304 Rutilius
705 2242 817 2306 Consul
833 2245 862 2302 in
880 2265 918 2303 eo

236 2323 344 2384 occisus
369 2324 434 2383 est:
461 2325 562 2404 Caepio
592 2327 697 2386 nobilis
725 2327 854 2401 juvenis,
889 2335 921 2386 &

236 2405 347 2465 Portius
366 2406 461 2478 Cato,
478 2408 547 2466 alius
569 2405 689 2467 Consul.
707 2407 801 2466 Duces
821 2424 923 2466 autem
974 2420 988 2429 ”

237 2486 368 2547 adversus
397 2489 544 2547 Romanos
568 2488 728 2547 Picentibus
754 2497 781 2548 ὃ(
811 2488 926 2548 Marsis

238 2568 371 2641 fuerunt,
393 2569 476 2629 Titus
497 2570 620 2641 Verius,
641 2570 755 2629 Hierius
779 2570 925 2642 Asinius,

238 2649 321 2712 Titus
332 2652 508 2723 Herennius,
525 2651 612 2712 Aulus
628 2650 786 2713 Cluentius.
803 2649 831 2709 A
851 2650 925 2710 Ro·

238 2733 331 2792 manis
348 2733 419 2792 bene
438 2754 535 2793 contra
556 2753 604 2791 eos
621 2750 776 2813 pugnaturn
793 2727 832 2789 est
848 2729 865 2789 xa
884 2731 926 2794 C.

236 2811 353 2888 Mari0,
367 2817 417 2895 qui
432 2813 519 2877 series
536 2812 647 2876 Consul
660 2813 750 2875 fuerat
759 2859 769 2890 ,
785 2820 814 2873 δι
830 2810 926 2875 ben.
