2010 3616
228 224 306 306 ⁴136
379 214 494 285 Aoi.
523 215 768 288 Victoris

233 361 289 420 que
307 337 492 417 supradictum
513 357 651 417 puerum,
690 339 719 395 ui
733 355 767 395 er
779 333 915 417 Apolline

234 423 344 504 genitus
367 437 452 488 erat,
474 415 590 478 obviam
612 417 653 476 illi
670 358 772 487 liuiffe,
792 439 915 500 eumque

234 502 407 580 adoptatum.
426 497 503 560 Crim
523 495 704 568 adolevisset,
722 520 782 558 non
801 511 916 560 conten·

234 599 294 642 tum
315 582 406 661 patrio
426 601 516 674 regno
534 626 546 650 ,
569 602 633 641 cum
655 578 760 662 magud
781 577 860 640 claffe
882 583 915 641 in

232 660 345 722 ltaliam
372 658 508 722 devemffe
529 707 539 733 ,
562 679 755 742 occupatoque
782 681 879 721 monte
901 706 912 732 ,

233 742 332 802 urbem
351 742 457 803 ibidem
477 739 644 803 constituisse
655 786 665 812 ,
676 762 796 823 eamque
813 763 846 802 ex
861 740 914 801 suo

231 825 350 883 nomine
367 823 528 884 Janiculum
546 810 765 907 cognominille.

275 904 338 964 111.
361 902 451 986 igitur
468 906 541 966 Jano
559 923 694 987 regnante
713 903 786 983 apud
803 904 914 986 indige-

233 1006 285 1046 nas
305 985 387 1045 rudes
402 1031 415 1056 ,
438 985 562 1047 inctdtos
579 1007 640 1066 ue,
667 986 802 1047 Saturnus
824 1006 914 1045 reno

223 1065 400 1159 profugus}
420 1065 486 1126 etim
510 1070 540 1127 in
559 1007 672 1127 italiam
694 1063 835 1137 veniffet,
854 1006 912 1125 le·

233 1148 323 1231 trigue
342 1166 470 1229 exceptus
490 1145 613 1228 hospitio
634 1144 673 1206 est
690 1168 701 1217 3
722 1147 819 1228 ibique
837 1144 915 1208 haud

233 1229 334 1308 procul
352 1226 368 1288 *a
388 1228 517 1289 Janiculo
538 1249 632 1288 arcem
652 1226 703 1288 suo
721 1231 839 1288 nomine
857 1227 913 1288 Sa·

234 1312 357 1370 turriam
380 1308 530 1371 constituit.
553 1306 636 1391 Isque
657 1310 764 1389 primus
785 1309 912 1391 agricul-
991 1336 992 1373 t

235 1408 325 1450 turam
345 1390 478 1463 edocuit,
495 1389 624 1472 ferosque
642 1388 772 1449 homines
791 1399 915 1468 &rapto

233 1472 326 1530 vivere
338 1468 456 1531 affuetos
467 1519 476 1544 ,
488 1472 524 1532 ad
543 1474 730 1552 compositam
740 1474 828 1531 vitam
849 1471 915 1529 edu-

233 1552 275 1611 xit
295 1575 301 1609 z
320 1551 393 1612 unde
411 1554 553 1636 Virgilius
570 1556 600 1613 in
620 1555 723 1612 ostavo
739 1554 778 1611 sic
794 1555 853 1610 ait:

271 1655 341 1716 Hoc
351 1677 460 1716 nemora
474 1657 607 1737 indigene
613 1657 719 1726 Fauni,
733 1650 917 1734 Nymphaeque
991 1712 992 1759 p

253 1763 255 1776 ·
316 1737 461 1807 tenebant,

277 1816 399 1897 Genfipue
405 1817 495 1881 νίηἳιη
502 1815 725 1888 ituraeorum
732 1817 823 1877 robore
829 1833 915 1877 nata:

279 1901 366 1980 Queis
379 1922 460 1979 neque
473 1921 532 1959 mos
544 1946 555 1971 ,
568 1920 650 1978 neque
661 1900 750 1959 cultus
769 1916 828 1959 erat
843 1923 855 1957 .·
870 1921 917 1957 nec

307 1983 421 2061 jungere
434 2000 549 2050 tauros,

274 2060 334 2120 Aut
350 2084 502 2137 componere
521 2083 584 2137 opes
601 2078 720 2129 norant,
741 2078 790 2120 aut
805 2080 917 2135 parcere
991 2116 992 2119 ,

272 2160 412 2282 8εὲἰῖἓὲ
424 2242 502 2302 atque
514 2223 593 2302 asper
601 2224 675 2285 νίἑὶιι
685 2240 801 2285 vertatur
813 2223 913 2281 alebat.

232 2346 400 2432 Omiffoque
415 2351 431 2411 J
434 2372 510 2422 ano,
529 2352 578 2431 qui
594 2347 667 2411 nihil
681 2348 756 2410 aliud
773 2347 863 2430 quim
880 2353 917 2409 ri-

233 2451 294 2493 tum
309 2432 490 2493 colendorum
502 2432 629 2492 Deorum
647 2429 855 2515 religione[que
874 2435 917 2491 in-

233 2513 372 2589 duxerat,
390 2513 418 2575 se
431 2514 552 2577 Saturno
566 2513 666 2573 maluit
677 2515 825 2572 annetiere
834 2556 848 2580 ,
870 2514 917 2593 qui

232 2597 321 2656 vitam
342 2594 489 2677 moresque
507 2593 572 2655 feris
590 2597 676 2655 etiam
695 2612 757 2653 tum
776 2595 917 2653 mentibus

232 2675 396 2750 insinuans,
408 2677 444 2737 ad
453 2696 634 2736 communem
644 2675 792 2735 utilitatem
804 2719 815 2742 ,
829 2692 865 2732 ut
874 2671 919 2732 su-

225 2773 283 2834 pra
294 2758 435 2849 diximup,
448 2756 625 2840 disciplinam
638 2754 749 2817 colendi
761 2756 834 2815 ruris
845 2752 917 2821 edo.-
