2010 3616
203 314 269 381 1²02
382 292 702 381 Eur-norit

197 427 319 492 omninb
328 430 434 491 clarum
443 427 588 513 gesserunt.
597 427 828 512 Solbpestilentilr
838 480 850 504 ,
863 444 898 495 δε

197 513 327 583 morbis,
345 531 430 593 atque
448 511 660 596 aegritudinibus
681 530 764 574 notus
784 534 896 576 eorum

197 596 367 676 principatus
389 592 452 654 suit.

236 675 291 735 Vl.
303 673 479 735 AEtnilianus
491 672 688 737 obscurissime
699 693 797 746 natus,
810 675 855 735 ob
861 674 893 735 s-

195 754 286 816 curiris
302 757 472 839 imperavit,
492 777 525 816 ac
544 758 627 816 tertio
644 754 740 816 mense
756 753 890 817 exstinc-

166 860 168 865 ’
199 858 242 898 tus
262 836 309 898 est.

236 919 306 981 VII.
326 917 404 978 Hinc
417 919 543 979 Licinius
556 918 749 988 Valerianus,
765 918 795 976 in
813 916 892 979 Rae-

197 997 238 1059 tll
256 1009 285 1061 &
301 999 411 1060 Norico
436 1006 544 1083 agens,
564 999 601 1059 ab
618 1001 738 1059 exercitu
758 998 893 1081 Impera-

197 1099 262 1153 tor,
282 1090 310 1141 &
333 1102 402 1141 mox
423 1079 566 1164 Augustus
586 1077 626 1139 est
644 1079 742 1141 facins.
765 1080 888 1141 Gallie-

197 1184 251 1223 nus
270 1157 384 1303 quoi-lue
401 1162 501 1222 Roma:
515 1160 531 1221 *a
544 1162 649 1223 Senatu
667 1158 763 1222 Caesar
777 1159 816 1220 est
831 1184 892 1243 ap-

198 1245 325 1325 pellatus.
369 1244 612 1324 orumimperium
624 1242 758 1302 Romano
772 1246 893 1305 nomini

197 1322 409 1405 perniciosum,
430 1333 457 1385 &
480 1325 551 1406 pene
575 1323 716 1384 exitiabile
739 1321 816 1393 fuit,
838 1327 890 1386 vel

199 1404 364 1466 infelicitate
385 1407 565 1486 principum,
590 1406 637 1464 vel
656 1402 779 1487 ignatii.
803 1405 886 1481 Ger-

200 1488 279 1546 mani
296 1486 463 1546 Ravennam
483 1485 570 1569 usquc
589 1505 731 1546 venerunt.
748 1486 886 1546 Valeria·

199 1588 252 1626 nus
269 1568 299 1626 in
313 1564 526 1649 Mesopotam‘ib
541 1568 647 1631 bellum
666 1587 785 1650 gerens,
804 1564 889 1628 {Sa-

199 1669 287 1728 pore‚
306 1644 452 1707 Persarum
471 1669 556 1730 rege,
574 1646 606 1708 su
626 1667 715 1707 eratus
734 1644 772 1704 est
790 1669 796 1703 :
815 1668 888 1708 mox

200 1730 286 1788 etiam
305 1748 422 1810 captus,
442 1730 516 1810 apud
538 1670 657 1790 Paulos
678 1726 802 1812 ignobili
822 1726 886 1788 ser-

198 1812 288 1871 vitute
306 1809 462 1871 consenuit.

239 1892 325 1953 VIII.
345 1892 514 1962 Gallienus,
533 1888 598 1951 crim
615 1888 776 1952 adolescens
792 1889 889 1953 fastus

200 1970 267 2034 elset
288 1971 453 2057 Augustus,
474 1975 625 2053 imperium
648 1968 771 2052 primurn
792 1970 888 2032 felici·

199 2073 263 2126 rer,
287 2076 355 2114 mox
373 2053 550 2126 commode,
571 2052 607 2113 acl
632 2055 764 2113 ultimum
785 2056 885 2134 perni-

201 2134 278 2194 ciose
298 2137 392 2220 gessit.
413 2136 492 2196 Nam
509 2137 618 2215 juvenis
636 2137 666 2195 in
686 2130 784 2211 Gallici
798 2134 828 2195 ’δι
845 2134 889 2194 Il·

200 2215 290 2299 lyrico
316 2217 404 2276 multa
431 2214 540 2277 strenub
564 2214 660 2286 fecit,
690 2212 785 2274 occiso
810 2213 888 2294 apud

200 2295 330 2358 Mursam
353 2297 506 2378 Ingenuo,
530 2299 581 2378 qui
606 2316 755 2377 purpuram
782 2292 886 2376 sump-

200 2374 273 2439 serat
288 2426 301 2451 ,
330 2388 357 2440 &
388 2379 581 2438 Trebelliano.
610 2379 671 2438 Diu
700 2376 826 2456 placidus
859 2385 888 2437 δε

201 2463 334 2541 quietus,
352 2481 421 2520 mox
442 2462 472 2520 in
494 2472 610 2520 ornnem
632 2457 779 2519 lasciviam
800 2453 890 2517 diffo-

200 2543 299 2615 lutus,
321 2541 448 2603 tenendae
472 2540 645 2622 Reipublicae
668 2536 792 2598 habenas
815 2559 888 2618 pro-

200 2622 285 2683 brosi
299 2621 414 2708 ignavi&
428 2631 456 2684 &
473 2621 665 2702 desperatione
679 2621 793 2681 laxavit.
808 2620 887 2679 Ala-

200 2705 325 2776 manni,
348 2703 463 2766 vastatis
493 2703 625 2776 Galliis,
648 2706 678 2764 in
696 2700 812 2763 ltaliam
835 2720 889 2780 pe-

201 2802 388 2845 netraverunt.
411 2785 525 2859 Dacia,
567 2806 608 2846 uae
628 2780 645 2842 *a
663 2782 792 2863 Trajano
815 2781 891 2843 ultra

201 2863 370 2928 Danubium
402 2865 493 2928 fuerat
527 2806 670 2948 aljesra,
704 2859 803 2925 amissa
835 2861 891 2926 est.
