1982 3614
191 280 262 346 234
334 255 456 326 Aua.
484 251 699 325 Vrca'on

110 398 113 405 ⁴
170 413 172 417 .
233 374 292 437 lX.
309 374 402 434 Hos
396 393 464 434 rtem
484 394 517 433 ex
538 394 639 457 genere
655 371 853 456 Vespasianus,

192 455 303 517 sanstus
319 457 439 526 omnia,
458 439 594 515 facundiae
614 454 689 515 haud
707 477 788 539 egens
798 478 854 536 pro

192 537 302 597 mendis
330 558 390 618 quae
417 533 568 607 senserat,
595 535 764 620 exsanguem
785 536 854 606 diu,

192 615 346 698 sellumque
372 636 505 677 terrarum
532 619 630 676 orbem
658 619 736 679 brevi
762 617 854 677 refecit.

191 698 327 793 Namque
338 697 459 780 primdm
474 696 605 758 satellites
617 698 792 780 tyrannidis,
811 700 857 757 nisi

192 781 243 859 qui
263 778 336 838 forae
353 782 472 839 atrocius
491 779 583 873 longe
594 776 796 860 procellerant,
814 781 858 836 lle·

193 864 267 920 &ere
284 860 376 941 potiris
393 862 512 931 maluit,
534 881 622 940 quam
637 863 804 920 excruciatos
819 859 858 918 de·

194 941 274 1000 lere:
296 940 506 1020 prudentissime
528 960 627 1011 ratus,
652 940 759 1001 nefaria
779 941 856 1000 ιιιιιιι-

194 1019 300 1081 steria
291 1043 308 1080 a
325 1021 446 1101 pluribus
464 1041 541 1081 metu
558 1025 654 1081 curari.
676 1023 753 1082 Dein
772 1025 860 1099 conju-

196 1106 337 1164 rationum
360 1103 460 1162 multas
485 1101 585 1162 scelere
611 1103 720 1163 inulto
729 1101 891 1162 abscedere·

197 1184 310 1265 patieba
311 1204 382 1254 tur,
409 1186 551 1254 comiter,
578 1185 619 1263 ιιι
644 1204 730 1254 erat,
754 1170 876 1242 stultitia

199 1285 344 1347 arguens,
371 1265 420 1358 qui
455 1260 615 1357 ignorarent
648 1283 755 1346 quanta
785 1264 863 1323 moles'

198 1344 410 1425 molestiaque
403 1347 521 1424 imperio
545 1341 666 1404 mellent.
690 1347 781 1406 Simul
797 1345 862 1405 diui·

199 1428 243 1485 nis
246 1425 400 1502 deditus[
387 1428 531 1509 [quorum
550 1446 614 1484 uera
631 1424 770 1507 plerisque
786 1447 818 1487 ne

200 1508 245 1565 tiis
268 1509 472 1584 comperet
420 1526 441 1565 ιι
460 1503 657 1582 lsuccelsores
679 1506 785 1567 fidebat
805 1446 972 1567 liid-

201 1608 248 1646 ros
268 1587 368 1646 Titum
392 1609 424 1646 ac
441 1588 640 1648 Domitianum
659 1586 728 1648 fore.
748 1585 868 1647 Praeterel

202 1667 313 1747 legibus
340 1669 505 1747 aequissimis
537 1668 681 1727 monendo
702 1715 714 1738 ,
748 1669 869 1750 quodque

201 1744 394 1808 vehementius
427 1747 497 1819 est,
528 1753 592 1809 uitae
624 1747 714 1828 specie
745 1752 869 1809 vitiorum

202 1818 282 1909 plura
295 1829 463 1889 aboleverat
478 1826 619 1889 Ιιιιῐιιιιιιιι
630 1849 749 1901 tamen,
766 1832 807 1889 uti
818 1830 871 1911 qul

176 1956 179 1963 ,
204 1909 271 1968 dam
314 1910 378 1971 rave
401 1929 521 1989 putant,
542 1909 685 1970 adversdm
711 1914 869 1991 pecuniarias

204 1989 269 2049 caim
288 1932 354 2052 listis
371 1989 497 2062 constet,
516 1993 603 2051 aerarii
624 1992 743 2073 inopil,
765 2013 797 2052 ac
817 1992 870 2051 labe

205 2071 349 2143 urbium,
380 2093 468 2132 novas
500 2092 564 2131 eum
595 2094 685 2154 neque
719 2072 871 2167 aliquandiu

206 2149 300 2230 postea
317 2149 450 2221 habitas,
471 2155 544 2212 veeli
566 2154 653 2211 alium
671 2157 818 2233 pensiones
835 2174 873 2212 ex·

206 2229 354 2310 quisiville.
384 2232 518 2371 Namppue
544 2172 647 2292 llomae
672 2233 872 2328 Capitolium,

206 2312 285 2393 quod
317 2311 496 2395 conflagrare
522 2311 602 2395 supra
632 2317 872 2382 memoravimus,

208 2392 279 2455 aedes
292 2393 398 2462 Pacis,
426 2392 543 2454 Claudii
566 2415 779 2466 monumenta,
805 2396 872 2456 An-

208 2471 359 2613 phitheatri
378 2491 458 2536 tanta
482 2477 550 2544 vis,
572 2476 632 2535 mul
687 2498 721 2535 ue
746 2477 826 2546 alia,
846 2493 874 2534 ac

208 2553 303 2615 forum
324 2573 415 2636 coepta
434 2577 467 2615 ac
487 2557 669 2635 patratad
623 2495 726 2617 dmluc
747 2578 795 2638 per
814 2576 873 2615 orn·

209 2655 258 2693 nes
276 2655 381 2707 terras,
404 2657 461 2716 qua
473 2640 516 2714 jus
535 2636 699 2697 Romanum
715 2635 776 2707 est,
797 2641 876 2696 reno·¹

208 2733 280 2775 vatae
295 2716 377 2776 urbes
393 2718 469 2777 cultu
482 2721 617 2802 egregio,
635 2720 741 2799 viaque
757 2683 876 2798 dperibus

210 2797 342 2857 maximis
368 2799 506 2869 munitae,
535 2806 562 2862 ιι
588 2801 679 2862 cavati
702 2818 811 2860 montes
834 2814 877 2878 per
