2010 3616
178 254 232 305 mr
253 237 373 307 Vrnrs
390 254 679 309 rurusrnmus.
710 264 772 330 173

94 357 263 421 Cremeram
274 360 392 419 fluvium
403 358 489 420 castra
501 358 659 443 posuerunt.
671 360 780 420 Veien-

94 458 133 501 tes
154 442 191 501 ad
209 440 293 500 dolos
315 443 441 501 conversi
453 488 465 511 ,
486 460 586 522 pecora
604 464 646 521 lex
668 440 779 502 diverso

94 523 123 580 in
144 521 299 602 conspestu
322 541 418 581 eorum
440 524 635 603 protulerunt,
657 522 694 583 ad
715 544 779 605 quae

93 606 236 686 progressi
264 603 347 676 Fabii
360 649 372 672 ,
396 604 427 662 in
440 604 566 664 *insidias
588 602 716 684 delapsi,
742 603 779 664 ad

94 703 182 743 unum
205 684 358 743 occidione
379 686 527 764 petierunt.
547 684 641 756 Dies,
686 707 722 744 uo
748 682 779 745 id

94 763 203 824 fastum
223 763 284 834 est,
309 767 378 823 inter
398 762 520 824 nefastos
540 765 648 825 relatus.
665 708 778 837 iona,

94 845 150 926 qui
170 844 294 926 profesti
314 864 414 916 erant,
435 846 574 906 Scelerata
596 844 634 905 est
655 848 786 927 appellas

95 945 131 986 ta.
160 930 248 988 Unus
271 948 305 985 ex
330 925 362 984 en
380 946 474 1020 'gente
505 946 616 1008 propter
643 927 777 1008 impube*
843 956 850 967 ·
891 938 894 955 ¹

93 1028 151 1066 rent
171 1027 286 1068 aetatem
308 1007 388 1065 domi
408 1008 540 1079 relistus,
565 1028 653 1091 genus
671 1029 778 1087 propa-

95 1092 174 1171 gavit
188 1088 229 1148 ad
245 1089 282 1165 Q.
297 1088 417 1147 Fabium
430 1089 614 1159 Maximum,
634 1091 684 1171 qui
696 1090 781 1149 Han·

94 1169 223 1229 nibalem
245 1168 325 1228 morit
347 1168 455 1253 fregit,
483 1169 641 1229 Cunstator
663 1171 700 1230 ab
720 1170 779 1229 ob-

94 1251 294 1311 trectatoribus
317 1249 415 1310 dirius.

132 1334 209 1393 XV.
235 1333 336 1409 Lucius
361 1332 517 1406 Valerius,
543 1332 647 1392 Volesi
677 1331 749 1395 fiirus
764 1380 777 1404 ,

95 1414 221 1494 primum
244 1413 278 1471 de
297 1414 492 1484 Veientibus,
515 1413 614 1473 itenim
637 1415 672 1474 de
692 1416 779 1476 Sabi-

95 1496 157 1566 nis,
178 1493 265 1553 tertio
282 1493 317 1552 de
334 1493 457 1575 utrisque
474 1497 603 1576 gentibus
621 1494 781 1576 triumpha·

94 1579 142 1635 vit.
171 1576 258 1646 Hic,
287 1577 353 1656 quia
380 1578 410 1634 in
438 1576 532 1635 locum
560 1579 638 1636 Bruti
665 1578 782 1660 collegae

96 1655 258 1716 Consulem
280 1678 338 1715 non
363 1655 585 1739 subrogaverat,
609 1668 636 1718 ὃ(
661 1658 782 1718 domum

95 1737 124 1797 in
145 1737 238 1797 Velia
258 1739 397 1796 tutissimo
414 1739 478 1796 loco
496 1737 642 1811 habebat,
663 1742 694 1797 in
715 1737 780 1797 sus-

95 1820 243 1898 picionem
267 1821 348 1900 regni
375 1816 499 1878 afferrati
524 1821 610 1877 venit.
636 1819 705 1894 Quo
726 1839 781 1877 co-

95 1903 205 1980 gnito,
230 1900 304 1977 apud
324 1900 459 1979 populum
482 1899 617 1979 questus,
643 1897 721 1979 quod
748 1898 785 1958 de

95 1980 122 2040 se
144 1983 203 2040 tale
229 1980 336 2060 aliquid
361 1977 538 2051 timuiffent,
566 1978 707 2051 immisit,
732 1982 783 2061 qui

95 2062 219 2121 domum
235 2060 313 2120 suam
333 2060 479 2120 diruerent.
495 2062 608 2121 Secutes
622 2064 708 2121 etiam
723 2060 783 2121 fas-

94 2144 174 2203 cibus
198 2143 326 2212 demsit,
350 2142 454 2222 eosque
474 2144 504 2200 in
527 2143 624 2222 popuii
644 2144 782 2202 concione

96 2222 241 2283 submisit.
272 2224 379 2304 Legem
400 2224 433 2281 de
456 2226 657 2301 provocatione
682 2222 698 2281 *a
720 2226 783 2282 ma·

95 2304 261 2388 gistratibus
280 2304 315 2362 ad
333 2305 468 2382 populum
489 2304 561 2363 tulit.
582 2304 660 2362 Hinc
679 2305 782 2379 Popli-

95 2388 158 2446 cola
188 2386 291 2444 ἀίἂιιε.
322 2383 383 2461 Qui
412 2382 476 2443 crim
506 2390 635 2465 (quater
661 2383 783 2456 consult)

95 2467 172 2525 diem
204 2463 344 2534 obiisset,
373 2463 444 2525 adeo
469 2487 572 2546 pauper
596 2461 721 2533 exstitit,
754 2482 785 2522 ut

94 2550 228 2608 coileeris
249 2546 265 2604 ὲ
288 2549 393 2625 populo
414 2550 538 2606 nummis
560 2544 671 2624 publice
692 2543 784 2623 sepul-

94 2649 137 2688 tus
159 2631 225 2699 sit,
250 2637 392 2687 &annuo
413 2646 606 2690 matronarum
628 2626 704 2684 luein
723 2623 782 2685 ho-

94 2729 181 2770 ratus.

135 2789 231 2854 XVI.
251 2788 423 2873 Tarquinius
436 2793 558 2868 ejectus,
573 2787 611 2931 a&
617 2789 784 2850 Mamilium

631 2891 661 2951 ιι]
