2010 3616
227 284 295 351 ¹44
367 222 745 333 AuussVr‘cronrr

223 379 343 453 misisse,
358 401 389 440 ut
398 400 577 441 reverteretur
590 379 708 440 domum
719 425 728 449 ,
740 397 826 459 atque
842 378 914 440 inde

223 466 323 524 omnia
338 461 431 522 secum
443 507 452 533 ,
466 480 527 542 quae
544 462 649 531 vellet,
664 459 791 519 auferret.
804 458 918 541 Itaque

223 566 289 604 eum
310 546 420 626 magnis
437 564 502 602 curn
521 542 639 622 opibus,
657 539 838 621 pluribusque
861 539 914 601 so-

224 628 274 684 ciis
300 622 441 705 utriusque
467 621 546 683 sends
570 619 586 680 *a
609 620 701 701 Trojd
723 619 911 704 digressum,

223 706 313 788 longo
333 708 405 777 mari
420 701 537 763 emenso
555 723 604 782 per
624 699 745 763 diversas
766 723 911 763 terrarum
997 740 998 775 p

224 807 289 849 oras
298 789 329 845 in
341 787 450 845 ltaliam
462 780 598 845 devenisse
610 807 620 854 3
632 805 665 843 ac
675 782 800 863 primum
812 782 912 843 Thra-

145 892 148 897 *
223 870 297 926 ciam
319 888 355 946 ap
374 864 491 936 ulsum‚
515 862 627 924 AEnum
655 885 688 923 ex
712 863 762 924 suo
787 868 912 925 nomine

223 947 339 1009 condidi
361 968 384 1006 e.
409 946 520 1015 Deinde
545 943 660 1028 cognitd
684 943 913 1025 Polymnestoris
997 1010 998 1013 ,

223 1027 340 1108 perfidi&
354 1025 387 1089 ert
401 1027 536 1107 Polydori
550 1048 638 1096 nece,
653 1025 718 1084 inde
735 1024 912 1108 digreffum‚
997 1026 998 1073 l

223 1113 440 1189 petrediumque
460 1108 496 1168 ad
520 1106 639 1167 insulam
661 1107 767 1166 Delum
783 1153 795 1177 ,
820 1128 911 1193 atque
997 1104 998 1171 ζ

224 1191 301 1253 illinc
316 1192 351 1249 ab
364 1211 399 1248 eo
410 1191 558 1249 Lauiniam
568 1190 637 1248 Anii
653 1185 805 1247 sacerdotis
815 1189 912 1270 Apol·
997 1238 998 1259 p

223 1270 288 1330 linis
306 1270 394 1331 filium
415 1272 444 1330 in
463 1271 676 1329 matrimonium
692 1268 854 1341 adscitam,
876 1291 910 1330 ex

224 1357 301 1430 cujus
332 1354 447 1411 nomine
476 1351 601 1412 Lavinia
629 1351 725 1408 littora
750 1351 907 1430 appellata.
997 1352 998 1375 ³

223 1431 376 1512 Postquam
389 1434 430 1501 is,
444 1432 534 1490 multa
549 1433 637 1490 maria
654 1428 840 1510 permensus,
857 1454 911 1512 ap-

222 1511 316 1594 pulsus
336 1515 371 1572 sit
388 1511 423 1571 ud
445 1511 532 1571 ltaliae
551 1513 775 1592 promontorium
794 1557 804 1582 ,
826 1512 910 1594 quod

224 1591 262 1654 est
280 1597 310 1652 in
328 1593 434 1670 Bajano
453 1637 463 1664 ,
482 1596 555 1652 circa
575 1594 681 1653 Averni
701 1593 794 1653 lacum
810 1638 822 1662 ,
844 1595 907 1653 ibi-

243 1673 293 1734 ue‘
300 1676 516 1756 gubernatorem
543 1673 688 1734 Misenum
715 1674 819 1733 morbo
849 1676 908 1734 ab·

222 1694 389 1835 sumptum,
411 1753 547 1834 sepultum
566 1756 601 1813 ab
622 1775 678 1825 eo,
697 1774 731 1813 ex
753 1759 830 1834 cujus
851 1778 910 1815 no-

222 1838 300 1899 mine
311 1836 407 1895 urbem
421 1833 556 1894 Misenon
569 1836 756 1915 appellatam,
772 1855 803 1894 ut
816 1839 909 1897 etiam

223 1915 319 1977 scribit
338 1916 433 1977 Caesar
447 1915 655 1975 Pontificalium
670 1918 720 1975 lib.
744 1938 764 1975 1.
784 1920 835 1998 qui
858 1936 907 1977 ta-

222 2019 288 2058 men
316 1994 390 2056 hunc
415 1995 558 2057 Misenum
581 2019 639 2056 non
685 1997 909 2071 ubernatorem,

221 2077 270 2138 sed
289 2077 442 2138 tubicinem
461 2076 539 2138 fuisse
557 2018 683 2139 tradinl

221 2156 323 2218 meriti>
341 2177 487 2240 utramque
505 2162 671 2239 opinionem
690 2156 799 2221 secutus
818 2160 910 2220 Maro

220 2241 260 2300 sic
279 2240 393 2299 intulit:

259 2342 303 2404 At
307 2344 373 2419 pius
383 2347 488 2403 AEneas
496 2347 600 2429 ingenti
610 2344 836 2425 molesepulcntm

260 2425 401 2502 Impunit,
413 2425 516 2504 situque
535 2449 614 2485 arma
632 2428 716 2497 vito,
733 2450 909 2508 remumque,

302 2507 448 2584 tubamque.

141 2671 144 2675 ,
220 2612 360 2688 Quamvis
371 2615 483 2671 audiore
494 2611 624 2671 Homero
639 2610 755 2692 quidam
772 2609 908 2687 asserant,

56 2722 59 2727 ·
149 2742 154 2748 ,
221 2693 295 2751 tubae
310 2692 390 2752 usum
401 2692 533 2773 Trojanis
553 2693 725 2774 temporibus
736 2695 825 2755 etiam
839 2714 909 2756 tunc

220 2776 389 2859 ignoratum.

856 2873 909 2934 X.

686 2077 740 2137 nde
763 2086 822 2138 non
844 2082 908 2139 im·
997 2122 998 2149 1
