2056 3628
218 187 260 274 58
377 180 705 250 Eturnoerr

218 306 307 363 ticum
319 320 396 361 mare
410 303 567 361 incircuitu
580 323 645 361 cum
658 299 806 383 Bosphoro
818 321 904 363 tene·

218 386 290 455 bat,
309 381 402 463 primo
421 381 634 454 Nicomedem,
654 386 779 444 amicum
800 385 908 465 Populi

218 466 364 538 Romani,
381 462 517 545 Bithynii
532 466 623 525 voluit
637 467 793 545 expellere3
813 467 908 528 Sena-

219 550 318 628 tuique
338 545 505 619 mandavit,
523 546 630 606 bellum
646 544 675 606 se
689 549 716 605 ei
733 566 844 628 propter
862 550 910 610 in-

219 631 320 709 jurias,
352 649 402 688 uas
432 624 504 689 allus
514 627 623 699 fuerat,
640 628 792 689 illaturum.
805 632 835 690 A
846 630 911 690 Se-

209 730 290 771 natu
301 649 464 789 responlilm
473 708 513 768 est
521 706 701 781 Mithridati,
713 710 738 770 si
746 709 777 769 id
788 708 908 786 faceret,

223 790 302 872 quod
318 792 424 854 bellum
444 790 461 850 a
477 792 617 851 Romanis
633 801 661 850 ὅ(
678 789 737 871 ipse
757 811 909 871 pateretur.

222 872 291 952 Qui
306 895 335 933 re
350 876 451 944 iratus,
474 872 693 954 Cappadociam
711 870 806 933 statim
821 896 910 934 occu-

223 958 321 1036 pavit,
338 964 366 1016 &
382 976 416 1013 ex
433 951 466 1014 ei
491 954 738 1024 Ariobarzanem,
758 975 853 1039 regem
878 965 908 1017 δι

222 1040 349 1098 amicum
379 1036 481 1117 Populi
507 1035 658 1108 Romani,
683 1036 802 1097 fucavit.
830 1037 908 1098 Mox

222 1122 310 1180 etiam
321 1115 485 1199 Bithyniam
497 1120 613 1190 invasit,
623 1127 650 1178 δι
660 1085 907 1202 Paphlagoniam,

224 1202 310 1282 pulsis
327 1223 361 1259 ex
383 1198 416 1259 ei
435 1201 571 1283 regibus,
593 1201 693 1259 amicis
713 1200 817 1280 Populi
837 1199 906 1259 Ro-

224 1285 324 1353 mani,
341 1282 537 1363 Pylaemene&
550 1280 720 1342 Nicomeder
731 1280 801 1341 Inde
811 1279 910 1362 Ephe·

225 1362 288 1424 sum
306 1363 476 1434 contendit3
493 1372 520 1423 &
540 1384 589 1444 per
604 1382 722 1423 omnem
737 1362 836 1422 Asiam
857 1364 909 1423 lit-

225 1464 297 1505 teras
315 1447 405 1516 misit,
429 1465 480 1516 ut,
503 1445 675 1525 ubicumque
694 1446 802 1505 inventi
821 1440 911 1505 essent

225 1529 299 1586 cives
312 1526 458 1596 Romani,
470 1548 528 1585 uno
538 1526 583 1585 die
594 1525 794 1586 occiderentur

264 1608 319 1667 VI.
331 1607 440 1668 Interea
451 1609 537 1666 etiam
548 1604 668 1668 Athena
678 1609 776 1669 civitas
789 1603 909 1668 Achaia

225 1690 263 1749 ab
271 1686 743 1750 AristoneAtheniensiMithridati
749 1687 851 1749 tradita
858 1686 908 1750 est.

226 1769 347 1833 Miserat
358 1772 435 1830 enim
451 1776 509 1850 jam
525 1770 561 1830 ad
573 1768 714 1832 Achaiam
725 1768 909 1831 Mithridates

225 1851 398 1914 Archelaum
417 1851 518 1915 ducem
536 1850 640 1923 strum,
656 1872 723 1911 cum
743 1872 857 1912 centum
877 1861 907 1912 δι

225 1937 330 2017 viginti
349 1934 475 1994 millibus
494 1935 621 2015 equitum
639 1955 672 1993 ac
686 1931 837 2014 pedimm:
860 1954 909 2014 per

248 2037 312 2075 uem
341 2018 428 2076 etiam
447 2016 554 2097 reliqua
573 2015 683 2081 Graecia
701 2034 839 2094 occupata
858 2013 907 2076 est.

223 2038 303 2177 §ylla
320 2094 491 2158 Archelaum
507 2096 581 2178 apud
594 2098 729 2157 Piraeeum
744 2118 804 2156 uon
819 2098 909 2180 longe

226 2179 263 2237 ab
275 2175 395 2238 Athenis
407 2178 536 2249 obsedit,
548 2176 695 2259 ipsamque
707 2178 806 2238 urbem
817 2180 908 2259 cepit:

225 2257 323 2340 postea
340 2257 488 2320 commisso
500 2262 595 2341 pralio
608 2279 706 2321 contra
717 2257 909 2332 Archelaum,

224 2342 267 2402 vita
279 2362 345 2402 eum
360 2345 448 2413 vicit,
466 2361 497 2401 ut
510 2364 544 2401 ex
558 2361 671 2402 centum
683 2350 711 2401 &
720 2343 824 2424 viginti
842 2342 911 2401 mil-

224 2423 300 2484 libus
320 2426 368 2483 vix
388 2424 486 2484 decem
504 2421 645 2484 Archelao
664 2420 850 2505 superessent,
874 2444 910 2483 ex

149 2514 152 2519 '
224 2504 310 2587 Syllae
326 2508 446 2566 exercitu
467 2505 700 2586 quatuor-decim
716 2503 826 2566 tannim
849 2502 909 2564 ho-

225 2590 318 2650 mines
339 2586 566 2649 interficerentur.
591 2587 656 2648 Hac
678 2585 775 2683 pugni
789 2584 911 2647 Mithri-

227 2666 305 2730 dates
319 2668 452 2754 cognita,
464 2667 642 2764 septuaginta
657 2670 746 2729 millra
757 2669 913 2729 leuissima

228 2771 261 2813 ex
275 2749 345 2813 Assa
359 2750 501 2814 Archelao
513 2753 590 2815 misrt
603 2775 611 2812 ι
623 2771 720 2825 contra
730 2771 816 2834 quem
831 2751 913 2832 Sylla
