1982 3614
217 181 284 250 252
348 158 738 231 -AonVicnon

216 277 888 362 mirificepugnantem,propeMoenumamnetit
965 272 966 335 f

218 362 336 421 devicit:
349 364 470 440 patiens,
479 364 654 433 communis,
664 363 888 444 tranquillusque3
965 358 966 393 ¹

219 445 280 524 pari
298 441 433 513 fortuni,
454 451 480 502 &
498 442 598 502 eodem
615 446 818 515 matrimonio,
836 466 888 525 quo
965 452 966 459 ’

219 543 305 604 pater.
319 523 453 602 Namque
464 524 568 582 Juliam
583 524 889 603 novercam,cujusfa-
965 540 966 603 j

220 606 316 665 cinora
343 601 425 683 supra
453 609 640 675 memoravi,
664 604 756 665 fornii
778 625 887 686 captus,
965 606 966 665 Ϊ

221 690 373 766 conjugem
393 681 556 756 affeciavit3
575 684 639 744 crim
661 686 709 745 ina
730 686 887 754 faciiosior,

218 764 343 846 aspestui
356 764 718 846 adolescentis,praesentiae
729 771 807 848 quasi
816 771 889 848 igm-

220 867 273 918 ra,
293 845 380 907 semet
399 843 514 905 dedisset
530 850 636 906 inter
649 869 765 928 corpore
783 845 889 907 afferen-
965 854 966 871 ¹

221 930 319 1009 tique,
337 927 472 998 Vellem,
492 929 516 986 si
536 928 656 997 liceret,
677 931 718 987 uti
742 953 749 985 ι
768 929 888 1009 petulan-
965 966 966 971 κ

221 1011 275 1068 tius
300 1007 390 1068 multo
411 1010 544 1089 (quippe
570 1030 632 1089 quae
658 1010 791 1089 pudorem
816 1011 888 1069 vela·
965 1024 966 1029 ’

222 1109 320 1149 mento
340 1110 449 1149 exuerat
460 1099 472 1165 )
487 1088 667 1169 respondiIIet
680 1114 686 1146 ε
701 1092 784 1149 Libet
795 1099 805 1151 Ξ
817 1091 889 1171 plane

223 1172 297 1231 licet.
328 1170 451 1253 AEgypti
481 1168 558 1230 sacra
588 1192 635 1250 pet
660 1192 725 1230 eum
757 1172 889 1253 deportata
965 1160 966 1225 Ῐ

223 1251 370 1323 Romam,
385 1272 468 1333 atque
483 1255 564 1311 aucia
580 1252 658 1314 Urbs
673 1274 721 1311 ma
743 1275 780 1312 no
796 1248 891 1311 acceffu'
965 1254 966 1329 ζ

223 1333 289 1393 Viae
299 1354 402 1402 novae,
417 1342 444 1393 δι
460 1332 495 1392 ad
513 1333 665 1392 lavandum
679 1273 804 1395 ablirluta
816 1353 887 1414 opera

224 1412 336 1495 pulchri
358 1413 456 1473 cultris.
480 1413 592 1489 Quibus
612 1414 747 1475 confeciis
765 1413 825 1474 cum
842 1414 888 1493 Sy·
965 1416 966 1431 ¹

224 1499 296 1555 riam
331 1495 598 1577 circumgrederetur
621 1541 631 1566 ‚
664 1518 751 1565 anno
773 1498 887 1576 potentiae
965 1554 966 1557 ,

223 1574 303 1636 sexto
320 1578 449 1635 moritur.
473 1576 610 1655 Corporis
629 1578 738 1657 reliqua
759 1579 831 1637 luciu
845 1596 888 1656 pu·

223 1657 301 1715 blico
318 1656 405 1715 relata
423 1657 568 1727 Romam,
586 1675 670 1738 atque
688 1661 761 1718 inter
779 1658 888 1720 Antoni·
965 1656 966 1675 ¹

221 1759 275 1799 nos
293 1737 419 1796 funerata
437 1736 510 1798 sunt.

265 1818 376 1879 XXII.
397 1817 510 1879 Dehinc
532 1819 645 1901 Opilius
665 1821 827 1888 Macrinus,
847 1819 886 1899 qui
965 1836 966 1871 1

224 1899 418 1959 Praefetiuram
432 1901 566 1960 Praetorio
577 1902 712 1983 gerebat,
728 1902 885 1983 Imperator,
965 1904 966 1917 ¹

225 1980 338 2061 ejusque
358 1980 431 2041 filius
452 1981 647 2042 Diadumenus
669 1987 786 2043 nomine
807 1977 885 2042 Caesat

225 2059 243 2120 ὲ
259 2062 418 2143 legionibus
437 2063 599 2143 appellatur.
614 2064 751 2139 Quibus,
773 2085 805 2124 eo
822 2058 885 2143 quid

226 2144 326 2224 ingens
352 2146 446 2203 amissi
468 2144 605 2224 Principis
629 2145 796 2205 desiderium
818 2160 883 2210 erat,
965 2156 966 2161 ’

226 2221 432 2283 adolescentem
444 2225 621 2285 Antoninum
636 2228 781 2290 vocavite.
790 2226 883 2285 Horum

227 2303 300 2366 nihil
319 2324 415 2386 practer
436 2304 522 2365 saevos
543 2326 625 2386 atque
646 2309 772 2367 inciviles
793 2309 882 2366 animos

224 2389 339 2454 interim
365 2390 523 2467 reperimus.
559 2386 626 2464 Qui
650 2388 742 2470 gratini
761 2385 881 2448 mensibus
965 2420 966 2447 ς

226 2467 317 2527 ferme
334 2488 453 2550 quatuor
472 2491 504 2527 ac
528 2467 625 2527 decem
644 2473 691 2529 vix
714 2488 818 2529 retento
834 2470 879 2526 im·
965 2466 966 2499 ³

223 2553 325 2690 perio,
345 2570 394 2630 per
412 2572 484 2631 quos
503 2555 587 2611 creati
609 2549 718 2611 fuerant
731 2595 743 2619 ,
764 2545 880 2611 interferri

238 2649 295 2689 unt.
397 2647 399 2651 ·
569 2650 571 2653 ’

265 2710 401 2773 XXIII.
426 2711 596 2797 Accitusque
613 2664 729 2775 Marcus
742 2710 882 2775 Antoninus
