2056 3628
314 246 498 317 Linan
548 245 612 316 IL
760 271 801 338 31

118 368 196 430 Nam
212 387 246 426 ex
264 366 395 427 ducentis
414 375 441 427 &
458 368 564 450 viginti
580 364 720 439 navibus,
735 389 801 430 cum

118 451 233 590 {riginta
250 447 612 589 sugifuhtnonassigtearscum
630 454 800 592 pugnaffiri-

117 549 368 692 qiiirqssePtCaeonsul
384 571 496 670 slaffem
516 549 802 694 naaitfssgiitaeamisii18

117 695 272 752 exercituin
288 712 386 751 tamen
403 689 514 753 salvum
528 689 652 766 habuit3
672 695 739 775 quia
755 696 801 756 vi-

119 776 183 833 tina
203 775 288 833 litora
307 792 394 834 etant.

157 854 310 915 XXVII.
332 852 409 916 Caio
431 855 546 914 Lutatio
568 853 699 926 Catulo,
722 856 803 916 Aulo

117 934 268 999 Postumio
288 935 397 995 Albino
419 933 615 1006 Consulibus,
635 957 712 996 anno
733 938 803 998 belii

118 1015 220 1076 Punici
250 1036 368 1077 xxnr.
396 1014 542 1096 {Catulo
569 1017 675 1077 bellum
702 1038 803 1080 contra

118 1097 207 1159 Afros
236 1093 416 1158 commiss'um
440 1096 487 1158 esi.
510 1095 655 1158 Profectus
676 1097 715 1159 est
737 1120 804 1160 cum

120 1181 252 1240 trecentis
271 1180 390 1240 navibus
408 1181 440 1239 in
461 1180 599 1241 Siciliam.
620 1177 686 1238 Afri
706 1199 805 1242 contra

119 1259 214 1341 ipsum
239 1261 459 1344 quadringentas
486 1274 661 1340 paraverint.
682 1260 803 1332 (Nun-
849 1316 850 1323 ,

120 1363 210 1421 quam
224 1362 254 1401 in
272 1360 443 1403 mauranus
458 1344 546 1422 copiis
559 1359 716 1424 pugnatum
729 1341 769 1403 ,est
778 1351 806 1419 ),
840 1354 843 1359 ’
899 1410 908 1419 α

120 1422 252 1482 Lutatius
277 1422 397 1484 Catulus
423 1442 525 1482 navem
552 1443 624 1506 aeger
647 1421 805 1485 ascenditt
867 1482 891 1499 ‚‚

120 1505 282 1565 vulneratus
296 1507 372 1565 enirn
390 1506 421 1565 in
437 1502 533 1587 pugni
547 1502 685 1584 superiore
701 1503 804 1568 fuerat)

121 1585 235 1647 Contra
253 1584 300 1645 Lil
320 1586 412 1647 baeum
427 1632 436 1658 ,
454 1587 596 1645 civitatem
611 1585 712 1646 Siciliae
723 1632 736 1658 ,
753 1608 806 1667 pu·

164 1686 244 1727 atum
272 1610 319 1726 ess
335 1668 445 1752 ingenti
471 1669 572 1731 virtute
596 1666 805 1730 Romanorum.

121 1687 202 1808 sinam
233 1747 408 1831 septuaginta
438 1767 490 1808 tres
520 1744 807 1832 Carthaginiensium

122 1851 209 1891 naves
227 1849 315 1910 captae
327 1828 418 1900 sunt,
436 1848 549 1889 tentum
565 1831 708 1923 &viginti
741 1831 807 1889 uin-

122 1931 178 1992 que
195 1908 348 1983 demersa,
367 1913 483 1995 triginta
499 1909 556 1970 duo
572 1910 662 1971 millia
680 1906 720 1969 ho
747 1911 807 1972 'um

121 2012 226 2073 capta,
244 1991 378 2053 tredecim
395 1990 488 2052 occisa
504 2014 510 2049 ι
526 1987 669 2051 infinitum
686 1993 747 2052 auri
759 2013 807 2053 at·

122 2075 258 2156 gentique
281 2073 390 2153 pondus
412 2076 443 2135 in
461 2070 627 2154 potestatem
648 2073 808 2134 Romano·

34 2212 37 2218 ,
121 2175 188 2215 rum
207 2153 358 2215 redusium.
379 2154 424 2214 Ex
444 2150 525 2215 classe
542 2153 675 2215 Romana
695 2155 806 2215 duode-

122 2238 182 2294 cim
209 2256 295 2296 naves
324 2232 465 2296 demersat.
494 2236 537 2295 Pu
556 2255 654 2297 natum
684 2234 723 2296 est
753 2256 805 2298 vr.

122 2315 190 2377 ldus
206 2317 334 2377 Martias.
357 2318 459 2378 Statim
472 2316 550 2392 ¹Cart
571 2315 728 2400 aginienses
748 2338 805 2398 pa·
856 2383 858 2385 .

122 2418 187 2457 cem
203 2400 363 2479 petierunt,
382 2399 540 2493 tributaque
559 2396 647 2458 estiis
663 2418 742 2478 pau
760 2419 807 2458 ca·

123 2481 196 2559 ptivi
212 2480 433 2550 Romanorum,
473 2502 502 2541 m
518 2480 684 2540 tenebantur
697 2477 714 2538 i
731 2477 807 2539 Car-

123 2557 375 2645 thaginiensibus,
397 2501 498 2623 rediiti
514 2559 587 2622 sunt.
611 2559 710 2619 Etiam
726 2558 806 2620 Car·

123 2639 317 2724 thaginienses
327 2644 464 2725 petierunt
477 2687 488 2714 ,
501 2661 532 2702 ut
544 2640 645 2713 redimi
659 2660 707 2703 eos
720 2643 808 2723 capti-

121 2742 174 2783 vos
184 2724 298 2795 liceret,
309 2746 381 2805 quos
393 2744 427 2784 ex
438 2721 517 2784 Afris
526 2723 651 2783 Romani
663 2723 807 2785 tenebant.

47 2875 53 2885 ,
120 2804 242 2867 Senatus
257 2806 346 2887 jussit
359 2807 418 2869 sine
432 2806 522 2889 pretio
540 2804 600 2867 dari
613 2825 690 2947 goa,
709 2806 759 2889 qui
775 2806 808 2865 in

656 2906 686 2950 tv
