1982 3614
220 310 287 361 or
317 294 654 364 CAEsAnrnun
707 318 770 384 27¹

86 412 157 474 dam
182 417 242 491 jure
258 414 286 471 ei
308 409 435 472 accidisse
458 411 605 474 referunt:
623 436 691 474 nam
711 413 775 477 edm

85 495 205 554 oracula
215 491 369 554 docuiffent
382 539 393 563 ,
407 493 443 553 ad
459 493 546 595 usque
561 496 697 576 oppidum
714 518 776 556 me-

85 595 234 635 moratum
251 576 389 655 perveniri
405 577 522 635 vidioria
538 575 642 646 licere,
661 577 775 660 longius

85 656 197 716 delatus
211 676 308 736 ponas
324 656 386 715 luit.
403 655 524 716 Proinde
541 657 658 717 arduum
675 657 775 720 fatalia

84 737 259 807 devertere,
283 735 374 818 eoque
403 734 489 796 futuri
517 740 598 797 notio
627 736 771 818 superflua.

83 819 125 879 At
149 818 361 890 Numerianus,
380 814 480 877 amillo
503 838 579 899 patre
599 820 683 878 simul
706 841 775 881 con·

85 897 199 960 fectum
220 895 358 958 aestimans
380 898 510 970 bellum,
534 896 598 959 crim
620 903 771 963 exercitum

84 979 267 1049 reducimur,
289 980 359 1058 Apri
382 978 508 1040 Praefeui
528 980 660 1040 Praetorio
682 979 771 1042 soceri

84 1061 199 1121 insidiis
227 1057 415 1142 exstinguitur.
448 1060 523 1137 Quis
543 1058 642 1121 casum
671 1061 771 1123 detulit

85 1139 274 1201 adolescentis
294 1141 440 1201 oculorum
457 1140 540 1201 dolor
556 1165 563 1199 e
584 1140 704 1222 denique
720 1142 770 1202 diu

84 1220 199 1282 facinus
217 1222 413 1292 occultatum,
435 1221 505 1281 dum
526 1219 651 1281 clausum
670 1222 770 1283 lectica

83 1301 229 1372 cadaver,
250 1299 340 1382 specie
359 1304 451 1384 agri,
472 1323 508 1362 ne
526 1321 611 1363 vento
629 1301 771 1365 obtunde-

83 1399 160 1443 retur
180 1383 274 1452 acies,
296 1379 463 1466 gestabatur.

125 1461 289 1527 XXXIX.
310 1463 367 1523 Sed
390 1461 538 1545 postquam
563 1463 651 1525 odore
674 1463 768 1526 tabes-

83 1548 212 1604 centium
230 1543 422 1604 membrorum
441 1544 529 1605 scelus
546 1545 688 1625 proditum
705 1544 768 1618 est,

83 1624 204 1685 Ducum
227 1625 349 1685 consilio
366 1623 614 1708 Tribunorumque
636 1625 767 1688 Valerius

82 1704 283 1766 Diocletianus
300 1702 467 1768 domesticos
484 1728 583 1790 regens
599 1705 639 1766 ob
659 1705 768 1787 sapien·

83 1787 156 1846 tiam
175 1786 329 1869 deligitur,
351 1808 474 1870 magnus!
490 1790 553 1859 vir,
577 1786 622 1849 his
641 1789 767 1849 moribus

82 1884 182 1926 tamen
202 1889 209 1923 ε
229 1869 332 1948 quippe
352 1870 402 1948 qui
422 1869 528 1948 primus
549 1888 584 1926 ex
604 1888 672 1926 auro
693 1866 767 1927 veste

82 1946 224 2028 quaesitd,
246 1946 327 2008 serici
345 1970 377 2008 ac
393 1969 516 2028 purpurae
534 1968 767 2030 gemmarumque

82 2032 142 2089 vim
159 2029 261 2109 plantis
278 2032 478 2110 concupiverit.
501 2029 574 2106 Quae
591 2050 767 2110 quamquam

82 2109 146 2188 plus
165 2108 253 2190 qu‘am
270 2111 388 2182 civilia,
409 2110 565 2192 tumidique
584 2110 765 2172 &affluentis

82 2192 199 2261 animi,
219 2191 294 2251 levia
308 2210 404 2251 tamen
421 2213 475 2272 prae
493 2195 605 2252 caeteris.
629 2193 765 2274 Namque

83 2267 111 2329 se
131 2274 239 2351 primus
254 2274 384 2331 omnium
402 2270 466 2352 post
479 2272 644 2356 Caligulam
659 2273 766 2332 Domi-

84 2352 251 2434 tianumque
273 2353 434 2413 Dominum
457 2352 549 2434 palam
573 2354 630 2412 dici
651 2350 765 2433 pallus,

80 2439 108 2492 δι
122 2432 235 2493 adorari
247 2430 298 2504 se,
313 2436 500 2528 appellarique
514 2436 556 2493 uti
567 2434 672 2494 Deum.
691 2431 765 2510 Quls

80 2514 186 2584 rebus,
210 2533 348 2594 quantum
373 2518 520 2612 ingenium
547 2511 608 2585 est,
629 2534 764 2593 compet-

81 2609 143 2655 tum
164 2590 280 2667 habeo,
301 2593 476 2656 humillimos
494 2592 643 2677 quosque,
666 2595 760 2653 maxi-

81 2674 129 2733 mi
156 2676 206 2735 ubi
232 2678 290 2736 alta
312 2675 501 2748 accesserunt,
529 2672 657 2754 superbiit
678 2695 763 2756 atque

81 2754 240 2816 ambitione
265 2759 436 2819 immodicos
459 2755 521 2818 esse.
548 2756 625 2817 Hinc
650 2756 761 2817 Marius

80 2833 197 2897 Patrum
213 2838 372 2911 memorid,
394 2837 460 2902 hinc
473 2837 524 2899 iste
545 2836 658 2909 nostra,
679 2857 760 2898 coru-

558 2919 642 2980 Miv
