1972 3624
226 236 293 317 360
367 225 564 294 errr
600 206 755 294 Ruri

223 342 905 424 Calathin,Parthenopoiin,Tomos,Histmna3

222 429 259 489 ad
276 427 444 489 Danubium
463 423 550 506 usque
568 428 752 506 perveniens,
775 427 902 487 Romana

221 509 334 591 Scythis
358 531 437 568 arma
458 502 632 566 monstravit.
653 507 698 566 Ita
719 507 821 569 ditioni
839 508 902 568 Rei·

220 591 338 673 publicae
368 587 414 648 sex
441 586 629 649 Thraciarum
658 590 811 667 provincia
839 588 901 650 sunt
970 660 971 663 Ἴ

220 673 384 753 conquisitae
398 668 545 740 3Thtatia
559 714 568 739 ,
581 668 792 729 Haemimontus
800 716 812 742 ,
828 671 900 730 Moe·
970 720 971 747 ,

167 744 173 755 ’
218 756 260 813 sia
276 752 414 821 inferior,
431 748 568 831 Scythia,
586 747 749 830 Rhodope,
768 751 898 832 Europa,

218 837 249 894 in
269 832 326 916 qui
344 854 419 892 nunc
438 831 565 891 secundae
584 833 803 905 arcesRomani
824 834 900 894 orbis

217 913 282 975 sunt
301 913 478 984 constitutae,
497 911 772 993 Constantinopolis.

258 996 296 1056 X.
318 997 403 1055 Nunc
417 995 493 1053 ans
507 1015 621 1074 partes,
637 1014 785 1074 totumque
798 995 900 1057 Orien·

217 1095 299 1148 tem,
327 1089 360 1136 ac'
383 1078 486 1156 positas
510 1074 561 1134 sub
583 1078 680 1135 vicino
704 1074 763 1136 sole
787 1082 899 1156 provin·
970 1156 971 1159 Ἴ

217 1161 295 1230 cias,
337 1162 366 1218 ui
380 1160 507 1216 audiores
522 1155 635 1236 sceptris
649 1159 703 1216 tuis
718 1161 896 1235 paraverint,

216 1180 388 1320 explicairo3
407 1237 466 1319 qui)
486 1237 607 1297 studium
632 1238 801 1298 Clementiae
822 1259 875 1300 tuae
886 1288 896 1314 ‚

177 1382 183 1394 ,
215 1321 293 1402 quod
317 1322 346 1379 in
367 1318 467 1380 iisdem
488 1318 678 1402 propagandis
702 1318 815 1391 habes,
842 1344 898 1382 am·
970 1340 971 1407 j

213 1399 285 1481 plitis
307 1404 445 1460 incitetur.
461 1401 538 1461 Asia
559 1400 691 1460 societate
712 1403 802 1461 Attali
825 1406 897 1485 regis
970 1446 971 1471 2

213 1501 283 1542 nota
302 1482 440 1541 Romanis
467 1481 527 1553 est3
555 1499 674 1563 eamque
696 1482 786 1542 Attali
808 1483 895 1544 testa·
970 1488 971 1555 ἒ

213 1583 311 1625 mento
337 1564 465 1623 relistam
489 1562 659 1623 hereditario
683 1570 743 1642 jure
765 1567 896 1644 posside·
925 1574 928 1579 “

213 1664 284 1705 mun.
314 1643 359 1705 Ne
385 1645 454 1725 quid
479 1664 575 1704 tamen
601 1647 721 1726 populus
746 1643 896 1706 Romanus

212 1744 272 1786 non
293 1725 400 1785 vitibus
424 1745 536 1806 partum
558 1724 695 1797 haberet,
716 1730 825 1798 armis,
850 1748 897 1808 pet

212 1829 264 1867 nos
278 1808 314 1866 ab
328 1804 492 1878 Antiocho,
508 1808 651 1887 Syriarum
665 1827 731 1889 rege
745 1811 896 1880 marimo,

212 1886 251 1946 est
266 1887 418 1948 vindicata.
440 1887 550 1947 Eidem
566 1891 714 1948 occasione
734 1892 823 1948 etiam
839 1892 897 1971 Ly-

211 1970 288 2039 dia,
318 1967 395 2028 sedes
423 1972 540 2050 antiqua
568 1990 749 2064 regnorum,
784 1974 896 2043 Caria,

209 2049 424 2127 Hellespontus,
447 2072 479 2109 ac
501 2050 653 2130 Phrygia,
676 2053 706 2109 in
727 2049 895 2143 popestatem

208 2132 307 2211 populi
326 2132 452 2191 Romani
475 2133 570 2211 juniii
596 2132 739 2191 deditione
764 2154 897 2211 pervene·
970 2190 971 2205 2

967 2062 971 2167 i

208 2232 281 2271 runt.
298 2211 417 2272 Rhodiis
427 2261 441 2285 4,
464 2222 491 2273 δι
508 2211 658 2290 infidorum
672 2214 811 2289 populis,
836 2217 897 2308 pri·
970 2220 971 2225 ’

209 2292 288 2352 maim
305 2291 513 2365 infestissimis,
538 2292 599 2374 post
621 2292 792 2355 fidelissimis
814 2317 897 2355 auxt-

208 2376 356 2435 iiaioribus
379 2377 421 2435 usi
444 2373 546 2434 sumus.
567 2375 611 2434 Ita
633 2374 777 2446 Rhodus,
793 2385 823 2434 &
845 2379 894 2436 in·

208 2456 273 2517 sulae
301 2455 422 2537 primtim
449 2457 535 2515 libere
566 2458 689 2536 agebant
711 2481 717 2513 :
737 2453 836 2536 posted
864 2460 894 2517 in

208 2537 439 2598 consuetudinem
454 2537 570 2617 parendi
586 2538 747 2608 Romanis,
771 2538 897 2597 clemen·

208 2637 248 2677 ter
272 2639 430 2698 provocata
455 2622 637 2698 pervenerunt
656 2642 665 2689 3
687 2626 714 2678 &
740 2618 792 2677 sub
808 2618 892 2678 Ves-

207 2704 323 2779 pasiano
345 2703 468 2782 principe
481 2700 634 2777 insularum
650 2703 800 2776 provincia
816 2700 896 2761 festa
970 2742 971 2759 r

206 2778 254 2844 est.

833 2862 895 2924 XI.
970 2870 971 2873 ’
