<?xml version="1.0" encoding="UTF-8"?>
<!DOCTYPE html PUBLIC "-//W3C//DTD XHTML 1.0 Transitional//EN"
    "http://www.w3.org/TR/xhtml1/DTD/xhtml1-transitional.dtd">
<html xmlns="http://www.w3.org/1999/xhtml" xml:lang="en" lang="en">
 <head>
  <title>
</title>
<meta http-equiv="Content-Type" content="text/html;charset=utf-8" />
  <meta name='ocr-system' content='tesseract 3.04.00' />
  <meta name='ocr-capabilities' content='ocr_page ocr_carea ocr_par ocr_line ocrx_word'/>
</head>
<body>
  <div class='ocr_page' id='page_1' title='image "./eutropiisextaur01victgoog_0067.png"; bbox 0 0 2056 3628; ppageno 0'>
   <div class='ocr_carea' id='block_1_1' title="bbox 248 254 887 360">
    <p class='ocr_par' dir='ltr' id='par_1_1' title="bbox 248 254 887 360">
     <span class='ocr_line' id='line_1_1' title="bbox 248 254 887 360; baseline 0.008 -27"><span class='ocrx_word' id='word_1_1' title='bbox 248 292 292 360; x_wconf 83' lang='lat'>54</span> <span class='ocrx_word' id='word_1_2' title='bbox 415 267 735 338; x_wconf 75' lang='lat' dir='ltr'>Eurnoert</span> <span class='ocrx_word' id='word_1_3' title='bbox 824 254 887 309; x_wconf 63' lang='lat' dir='ltr'><em>A</em></span> 
     </span>
    </p>
   </div>
   <div class='ocr_carea' id='block_1_2' title="bbox 244 383 943 1857">
    <p class='ocr_par' dir='ltr' id='par_1_2' title="bbox 244 383 938 1039">
     <span class='ocr_line' id='line_1_2' title="bbox 244 383 936 448; baseline -0.001 0"><span class='ocrx_word' id='word_1_4' title='bbox 244 390 354 448; x_wconf 84' lang='lat' dir='ltr'>amicos</span> <span class='ocrx_word' id='word_1_5' title='bbox 380 383 571 447; x_wconf 77' lang='lat' dir='ltr'>interemisset.</span> <span class='ocrx_word' id='word_1_6' title='bbox 594 383 696 446; x_wconf 85' lang='lat' dir='ltr'>Millus</span> <span class='ocrx_word' id='word_1_7' title='bbox 718 383 847 446; x_wconf 72' lang='lat' dir='ltr'>adversis</span> <span class='ocrx_word' id='word_1_8' title='bbox 869 405 936 447; x_wconf 85' lang='lat' dir='ltr'>eum</span> 
     </span>
     <span class='ocr_line' id='line_1_3' title="bbox 245 466 937 549; baseline -0.004 -19"><span class='ocrx_word' id='word_1_9' title='bbox 245 467 358 530; x_wconf 87' lang='lat' dir='ltr'>Consul</span> <span class='ocrx_word' id='word_1_10' title='bbox 387 467 562 549; x_wconf 80' lang='lat' dir='ltr'><strong>Calpurnius</strong></span> <span class='ocrx_word' id='word_1_11' title='bbox 580 466 692 538; x_wconf 84' lang='lat' dir='ltr'>Bestia,</span> <span class='ocrx_word' id='word_1_12' title='bbox 722 485 866 547; x_wconf 86' lang='lat' dir='ltr'>corruptus</span> <span class='ocrx_word' id='word_1_13' title='bbox 894 488 937 527; x_wconf 85' lang='lat' dir='ltr'>re-</span> 
     </span>
     <span class='ocr_line' id='line_1_4' title="bbox 244 548 937 634; baseline 0.001 -25"><span class='ocrx_word' id='word_1_14' title='bbox 244 553 291 634; x_wconf 86' lang='lat' dir='ltr'>gis</span> <span class='ocrx_word' id='word_1_15' title='bbox 317 548 437 631; x_wconf 68' lang='lat' dir='ltr'>pecunii</span> <span class='ocrx_word' id='word_1_16' title='bbox 448 594 459 622; x_wconf 88' lang='lat'>,</span> <span class='ocrx_word' id='word_1_17' title='bbox 490 570 590 631; x_wconf 85' lang='lat' dir='ltr'>pacem</span> <span class='ocrx_word' id='word_1_18' title='bbox 608 570 673 609; x_wconf 91' lang='lat' dir='ltr'>cum</span> <span class='ocrx_word' id='word_1_19' title='bbox 694 569 729 608; x_wconf 91' lang='lat' dir='ltr'>eo</span> <span class='ocrx_word' id='word_1_20' title='bbox 750 550 787 608; x_wconf 85' lang='lat' dir='ltr'>fla</span> <span class='ocrx_word' id='word_1_21' title='bbox 809 549 937 610; x_wconf 86' lang='lat' dir='ltr'>itiosissi·</span> 
     </span>
     <span class='ocr_line' id='line_1_5' title="bbox 244 569 936 713; baseline 0.007 -26"><span class='ocrx_word' id='word_1_22' title='bbox 244 653 327 693; x_wconf 62' lang='lat' dir='ltr'>,mam</span> <span class='ocrx_word' id='word_1_23' title='bbox 344 629 431 704; x_wconf 88' lang='lat' dir='ltr'>fecit,</span> <span class='ocrx_word' id='word_1_24' title='bbox 452 652 515 713; x_wconf 86' lang='lat' dir='ltr'>quae</span> <span class='ocrx_word' id='word_1_25' title='bbox 534 629 552 691; x_wconf 71' lang='lat' dir='ltr'>l</span> <span class='ocrx_word' id='word_1_26' title='bbox 571 631 678 692; x_wconf 83' lang='lat' dir='ltr'>Senatu</span> <span class='ocrx_word' id='word_1_27' title='bbox 699 569 862 712; x_wconf 57' lang='lat' dir='ltr'>improdsata</span> <span class='ocrx_word' id='word_1_28' title='bbox 886 630 936 693; x_wconf 85' lang='lat' dir='ltr'>est.</span> 
     </span>
     <span class='ocr_line' id='line_1_6' title="bbox 247 711 938 795; baseline -0.001 -22"><span class='ocrx_word' id='word_1_29' title='bbox 247 711 349 774; x_wconf 86' lang='lat' dir='ltr'>Postea</span> <span class='ocrx_word' id='word_1_30' title='bbox 366 732 465 773; x_wconf 88' lang='lat' dir='ltr'>contra</span> <span class='ocrx_word' id='word_1_31' title='bbox 486 712 619 774; x_wconf 87' lang='lat' dir='ltr'>eumdem</span> <span class='ocrx_word' id='word_1_32' title='bbox 627 748 650 785; x_wconf 43' lang='lat' dir='ltr'>,s</span> <span class='ocrx_word' id='word_1_33' title='bbox 658 711 817 795; x_wconf 87' lang='lat' dir='ltr'>insequenti</span> <span class='ocrx_word' id='word_1_34' title='bbox 837 735 938 786; x_wconf 84' lang='lat' dir='ltr'>anno,</span> 
     </span>
     <span class='ocr_line' id='line_1_7' title="bbox 249 793 937 877; baseline 0.001 -22"><span class='ocrx_word' id='word_1_35' title='bbox 249 796 364 877; x_wconf 88' lang='lat' dir='ltr'>Spurius</span> <span class='ocrx_word' id='word_1_36' title='bbox 389 793 550 856; x_wconf 88' lang='lat' dir='ltr'>Postumius</span> <span class='ocrx_word' id='word_1_37' title='bbox 573 796 697 854; x_wconf 82' lang='lat' dir='ltr'>Albinus</span> <span class='ocrx_word' id='word_1_38' title='bbox 726 793 869 874; x_wconf 76' lang='lat' dir='ltr'>profecius</span> <span class='ocrx_word' id='word_1_39' title='bbox 887 793 937 856; x_wconf 86' lang='lat' dir='ltr'>est.</span> 
     </span>
     <span class='ocr_line' id='line_1_8' title="bbox 249 875 935 960; baseline 0.004 -24"><span class='ocrx_word' id='word_1_40' title='bbox 249 877 277 936; x_wconf 89' lang='lat' dir='ltr'>Is</span> <span class='ocrx_word' id='word_1_41' title='bbox 296 898 412 960; x_wconf 87' lang='lat' dir='ltr'>quoque</span> <span class='ocrx_word' id='word_1_42' title='bbox 427 897 475 958; x_wconf 91' lang='lat' dir='ltr'>per</span> <span class='ocrx_word' id='word_1_43' title='bbox 495 877 610 937; x_wconf 88' lang='lat' dir='ltr'>fratrem</span> <span class='ocrx_word' id='word_1_44' title='bbox 623 875 818 960; x_wconf 69' lang='lat' dir='ltr'>ignominiose</span> <span class='ocrx_word' id='word_1_45' title='bbox 835 894 935 939; x_wconf 90' lang='lat' dir='ltr'>contra</span> 
     </span>
     <span class='ocr_line' id='line_1_9' title="bbox 248 958 557 1039; baseline -0.01 -18"><span class='ocrx_word' id='word_1_46' title='bbox 248 958 396 1021; x_wconf 84' lang='lat' dir='ltr'>Numidas</span> <span class='ocrx_word' id='word_1_47' title='bbox 408 979 447 1039; x_wconf 91' lang='lat' dir='ltr'>pu</span> <span class='ocrx_word' id='word_1_48' title='bbox 469 960 557 1019; x_wconf 85' lang='lat' dir='ltr'>navit.</span> 
     </span>
    </p>

    <p class='ocr_par' dir='ltr' id='par_1_3' title="bbox 249 979 943 1857">
     <span class='ocr_line' id='line_1_10' title="bbox 290 979 938 1117; baseline 0.002 -17"><span class='ocrx_word' id='word_1_49' title='bbox 290 1039 419 1101; x_wconf 87' lang='lat' dir='ltr'>XXVII.</span> <span class='ocrx_word' id='word_1_50' title='bbox 438 979 541 1100; x_wconf 49' lang='lat' dir='ltr'>&#39;lertio</span> <span class='ocrx_word' id='word_1_51' title='bbox 554 1035 651 1100; x_wconf 82' lang='lat' dir='ltr'>millus</span> <span class='ocrx_word' id='word_1_52' title='bbox 664 1038 790 1117; x_wconf 86' lang='lat' dir='ltr'>Quintus</span> <span class='ocrx_word' id='word_1_53' title='bbox 801 1037 938 1101; x_wconf 80' lang='lat' dir='ltr'>Caecilius</span> 
     </span>
     <span class='ocr_line' id='line_1_11' title="bbox 249 1118 939 1205; baseline 0 -23"><span class='ocrx_word' id='word_1_54' title='bbox 249 1121 385 1183; x_wconf 86' lang='lat' dir='ltr'>Metellus</span> <span class='ocrx_word' id='word_1_55' title='bbox 409 1119 540 1194; x_wconf 89' lang='lat' dir='ltr'>Consul,</span> <span class='ocrx_word' id='word_1_56' title='bbox 561 1123 713 1181; x_wconf 83' lang='lat' dir='ltr'>exercitum</span> <span class='ocrx_word' id='word_1_57' title='bbox 731 1122 843 1205; x_wconf 85' lang='lat' dir='ltr'>ingenti</span> <span class='ocrx_word' id='word_1_58' title='bbox 857 1118 939 1182; x_wconf 87' lang='lat' dir='ltr'>seve-</span> 
     </span>
     <span class='ocr_line' id='line_1_12' title="bbox 250 1200 940 1274; baseline -0.001 -12"><span class='ocrx_word' id='word_1_59' title='bbox 250 1205 333 1264; x_wconf 81' lang='lat' dir='ltr'>ritate</span> <span class='ocrx_word' id='word_1_60' title='bbox 350 1213 378 1264; x_wconf 88' lang='lat'>&amp;</span> <span class='ocrx_word' id='word_1_61' title='bbox 390 1202 587 1264; x_wconf 82' lang='lat' dir='ltr'>moderatione</span> <span class='ocrx_word' id='word_1_62' title='bbox 597 1206 772 1274; x_wconf 66' lang='lat' dir='ltr'>comedum,</span> <span class='ocrx_word' id='word_1_63' title='bbox 788 1200 852 1262; x_wconf 80' lang='lat' dir='ltr'>crim</span> <span class='ocrx_word' id='word_1_64' title='bbox 864 1201 940 1262; x_wconf 89' lang='lat' dir='ltr'>nihil</span> 
     </span>
     <span class='ocr_line' id='line_1_13' title="bbox 250 1282 937 1367; baseline -0.001 -22"><span class='ocrx_word' id='word_1_65' title='bbox 250 1287 282 1345; x_wconf 92' lang='lat' dir='ltr'>in</span> <span class='ocrx_word' id='word_1_66' title='bbox 301 1305 477 1367; x_wconf 85' lang='lat' dir='ltr'>quemquam</span> <span class='ocrx_word' id='word_1_67' title='bbox 501 1302 646 1344; x_wconf 86' lang='lat' dir='ltr'>cruentum</span> <span class='ocrx_word' id='word_1_68' title='bbox 665 1283 791 1355; x_wconf 86' lang='lat' dir='ltr'>faceret,</span> <span class='ocrx_word' id='word_1_69' title='bbox 815 1282 852 1343; x_wconf 89' lang='lat' dir='ltr'>ad</span> <span class='ocrx_word' id='word_1_70' title='bbox 873 1282 937 1344; x_wconf 88' lang='lat' dir='ltr'>dis·</span> 
     </span>
     <span class='ocr_line' id='line_1_14' title="bbox 253 1362 940 1448; baseline 0.004 -24"><span class='ocrx_word' id='word_1_71' title='bbox 253 1367 390 1446; x_wconf 88' lang='lat' dir='ltr'>ciplinam</span> <span class='ocrx_word' id='word_1_72' title='bbox 421 1366 586 1427; x_wconf 85' lang='lat' dir='ltr'>Romanam</span> <span class='ocrx_word' id='word_1_73' title='bbox 620 1364 738 1428; x_wconf 85' lang='lat' dir='ltr'>reduxit.</span> <span class='ocrx_word' id='word_1_74' title='bbox 766 1362 940 1448; x_wconf 75' lang='lat' dir='ltr'>Jugunham</span> 
     </span>
     <span class='ocr_line' id='line_1_15' title="bbox 252 1444 939 1528; baseline 0 -22"><span class='ocrx_word' id='word_1_75' title='bbox 252 1449 338 1508; x_wconf 84' lang='lat' dir='ltr'>variis</span> <span class='ocrx_word' id='word_1_76' title='bbox 349 1446 449 1528; x_wconf 74' lang='lat' dir='ltr'>praliis</span> <span class='ocrx_word' id='word_1_77' title='bbox 461 1449 532 1509; x_wconf 81' lang='lat' dir='ltr'>vicit</span> <span class='ocrx_word' id='word_1_78' title='bbox 542 1470 553 1519; x_wconf 83' lang='lat'>3</span> <span class='ocrx_word' id='word_1_79' title='bbox 566 1444 730 1528; x_wconf 83' lang='lat' dir='ltr'>elephantos</span> <span class='ocrx_word' id='word_1_80' title='bbox 744 1450 802 1526; x_wconf 86' lang='lat' dir='ltr'>ejus</span> <span class='ocrx_word' id='word_1_81' title='bbox 813 1446 921 1507; x_wconf 86' lang='lat' dir='ltr'>oceidit</span> <span class='ocrx_word' id='word_1_82' title='bbox 928 1492 939 1520; x_wconf 89' lang='lat'>,</span> 
     </span>
     <span class='ocr_line' id='line_1_16' title="bbox 254 1527 942 1609; baseline 0.003 -23"><span class='ocrx_word' id='word_1_83' title='bbox 254 1529 300 1587; x_wconf 87' lang='lat' dir='ltr'>vel</span> <span class='ocrx_word' id='word_1_84' title='bbox 314 1530 388 1609; x_wconf 87' lang='lat' dir='ltr'>cepit</span> <span class='ocrx_word' id='word_1_85' title='bbox 401 1550 412 1599; x_wconf 83' lang='lat'>3</span> <span class='ocrx_word' id='word_1_86' title='bbox 433 1530 557 1606; x_wconf 81' lang='lat' dir='ltr'>[multas</span> <span class='ocrx_word' id='word_1_87' title='bbox 570 1530 696 1589; x_wconf 86' lang='lat' dir='ltr'>civitates</span> <span class='ocrx_word' id='word_1_88' title='bbox 709 1529 796 1609; x_wconf 86' lang='lat' dir='ltr'>ipsius</span> <span class='ocrx_word' id='word_1_89' title='bbox 813 1530 844 1588; x_wconf 90' lang='lat' dir='ltr'>in</span> <span class='ocrx_word' id='word_1_90' title='bbox 857 1527 942 1589; x_wconf 87' lang='lat' dir='ltr'>dedi·</span> 
     </span>
     <span class='ocr_line' id='line_1_17' title="bbox 254 1606 943 1690; baseline 0.003 -22"><span class='ocrx_word' id='word_1_91' title='bbox 254 1611 363 1669; x_wconf 89' lang='lat' dir='ltr'>tionem</span> <span class='ocrx_word' id='word_1_92' title='bbox 373 1630 439 1669; x_wconf 85' lang='lat' dir='ltr'>acce</span> <span class='ocrx_word' id='word_1_93' title='bbox 459 1611 499 1686; x_wconf 85' lang='lat' dir='ltr'>it]</span> <span class='ocrx_word' id='word_1_94' title='bbox 514 1618 554 1670; x_wconf 77' lang='lat' dir='ltr'>s&amp;</span> <span class='ocrx_word' id='word_1_95' title='bbox 566 1609 630 1671; x_wconf 78' lang='lat' dir='ltr'>crim</span> <span class='ocrx_word' id='word_1_96' title='bbox 634 1614 693 1690; x_wconf 89' lang='lat' dir='ltr'>jam</span> <span class='ocrx_word' id='word_1_97' title='bbox 703 1609 781 1669; x_wconf 87' lang='lat' dir='ltr'>bello</span> <span class='ocrx_word' id='word_1_98' title='bbox 792 1606 880 1670; x_wconf 86' lang='lat' dir='ltr'>finem</span> <span class='ocrx_word' id='word_1_99' title='bbox 887 1611 943 1670; x_wconf 86' lang='lat' dir='ltr'>im·</span> 
     </span>
     <span class='ocr_line' id='line_1_18' title="bbox 274 1688 941 1767; baseline 0.003 -17"><span class='ocrx_word' id='word_1_100' title='bbox 274 1693 418 1751; x_wconf 86' lang='lat' dir='ltr'>osituruse</span> <span class='ocrx_word' id='word_1_101' title='bbox 442 1711 488 1763; x_wconf 86' lang='lat' dir='ltr'>er,</span> <span class='ocrx_word' id='word_1_102' title='bbox 499 1688 650 1767; x_wconf 69' lang='lat' dir='ltr'>fuscellum</span> <span class='ocrx_word' id='word_1_103' title='bbox 659 1690 698 1752; x_wconf 86' lang='lat' dir='ltr'>est</span> <span class='ocrx_word' id='word_1_104' title='bbox 712 1689 764 1751; x_wconf 72' lang='lat' dir='ltr'>eii</span> <span class='ocrx_word' id='word_1_105' title='bbox 774 1689 813 1752; x_wconf 92' lang='lat' dir='ltr'>C.</span> <span class='ocrx_word' id='word_1_106' title='bbox 829 1691 941 1752; x_wconf 87' lang='lat' dir='ltr'>Mario.</span> 
     </span>
     <span class='ocr_line' id='line_1_19' title="bbox 254 1711 941 1857; baseline 0.003 -25"><span class='ocrx_word' id='word_1_107' title='bbox 254 1711 283 1832; x_wconf 60' lang='lat' dir='ltr'>fs</span> <span class='ocrx_word' id='word_1_108' title='bbox 307 1769 501 1857; x_wconf 76' lang='lat' dir='ltr'>Iugurtham,</span> <span class='ocrx_word' id='word_1_109' title='bbox 525 1781 552 1833; x_wconf 88' lang='lat'>&amp;</span> <span class='ocrx_word' id='word_1_110' title='bbox 573 1770 742 1844; x_wconf 76' lang='lat' dir='ltr'>Bocchum,</span> <span class='ocrx_word' id='word_1_111' title='bbox 758 1773 941 1835; x_wconf 79' lang='lat' dir='ltr'>Mauritania:</span> 
     </span>
    </p>
   </div>
   <div class='ocr_carea' id='block_1_3' title="bbox 255 1851 1019 1948">
    <p class='ocr_par' dir='ltr' id='par_1_4' title="bbox 255 1851 1019 1948">
     <span class='ocr_line' id='line_1_20' title="bbox 255 1851 1019 1948; baseline 0.005 -36"><span class='ocrx_word' id='word_1_112' title='bbox 255 1874 376 1937; x_wconf 81' lang='lat' dir='ltr'>regem,</span> <span class='ocrx_word' id='word_1_113' title='bbox 395 1855 446 1948; x_wconf 83' lang='lat' dir='ltr'>qui</span> <span class='ocrx_word' id='word_1_114' title='bbox 468 1854 607 1914; x_wconf 82' lang='lat' dir='ltr'>auxilium</span> <span class='ocrx_word' id='word_1_115' title='bbox 628 1851 772 1938; x_wconf 75' lang='lat' dir='ltr'>Iugurthae</span> <span class='ocrx_word' id='word_1_116' title='bbox 789 1853 860 1914; x_wconf 85' lang='lat' dir='ltr'>ferre</span> <span class='ocrx_word' id='word_1_117' title='bbox 880 1874 942 1915; x_wconf 82' lang='lat' dir='ltr'>coe-</span> <span class='ocrx_word' id='word_1_118' title='bbox 1018 1856 1019 1923; x_wconf 77' lang='lat' dir='ltr'><strong>f</strong></span> 
     </span>
    </p>
   </div>
   <div class='ocr_carea' id='block_1_4' title="bbox 173 1928 1019 2017">
    <p class='ocr_par' dir='ltr' id='par_1_5' title="bbox 173 1928 1019 2030">
     <span class='ocr_line' id='line_1_21' title="bbox 173 1928 1019 2017; baseline 0.001 -23"><span class='ocrx_word' id='word_1_119' title='bbox 173 1972 176 1981; x_wconf 52' lang='grc' dir='ltr'>ι</span> <span class='ocrx_word' id='word_1_120' title='bbox 254 1955 334 2016; x_wconf 82' lang='lat' dir='ltr'>perat</span> <span class='ocrx_word' id='word_1_121' title='bbox 395 1955 477 1996; x_wconf 83' lang='lat' dir='ltr'>anter</span> <span class='ocrx_word' id='word_1_122' title='bbox 498 1933 645 2016; x_wconf 86' lang='lat' dir='ltr'>superavit.</span> <span class='ocrx_word' id='word_1_123' title='bbox 666 1936 823 2017; x_wconf 85' lang='lat' dir='ltr'>Aliquanta</span> <span class='ocrx_word' id='word_1_124' title='bbox 837 1944 864 1996; x_wconf 85' lang='lat'>&amp;</span> <span class='ocrx_word' id='word_1_125' title='bbox 879 1934 943 2017; x_wconf 85' lang='lat' dir='ltr'>ipse</span> <span class='ocrx_word' id='word_1_126' title='bbox 1018 1928 1019 1995; x_wconf 60' lang='grc' dir='ltr'>ἶ</span> 
     </span>
    </p>
   </div>
   <div class='ocr_carea' id='block_1_5' title="bbox 254 1982 943 2181">
    <p class='ocr_par' dir='ltr' id='par_1_6' title="bbox 254 1982 943 2181">
     <span class='ocr_line' id='line_1_22' title="bbox 255 1982 942 2156; baseline 0.004 -82"><span class='ocrx_word' id='word_1_127' title='bbox 255 1982 362 2156; x_wconf 54' lang='lat' dir='ltr'>oppidi</span> <span class='ocrx_word' id='word_1_128' title='bbox 406 2016 520 2078; x_wconf 82' lang='lat' dir='ltr'>umidiae</span> <span class='ocrx_word' id='word_1_129' title='bbox 534 2038 565 2076; x_wconf 88' lang='lat' dir='ltr'>ce</span> <span class='ocrx_word' id='word_1_130' title='bbox 585 2019 624 2089; x_wconf 90' lang='lat' dir='ltr'>it,</span> <span class='ocrx_word' id='word_1_131' title='bbox 636 2018 768 2098; x_wconf 84' lang='lat' dir='ltr'>belloque</span> <span class='ocrx_word' id='word_1_132' title='bbox 785 2036 942 2077; x_wconf 79' lang='lat' dir='ltr'>terminum</span> 
     </span>
     <span class='ocr_line' id='line_1_23' title="bbox 254 2038 943 2181; baseline 0.009 -26"><span class='ocrx_word' id='word_1_133' title='bbox 254 2118 293 2176; x_wconf 91' lang='lat' dir='ltr'>po</span> <span class='ocrx_word' id='word_1_134' title='bbox 308 2100 365 2167; x_wconf 90' lang='lat' dir='ltr'>uit,</span> <span class='ocrx_word' id='word_1_135' title='bbox 376 2038 600 2181; x_wconf 63' lang='lat' dir='ltr'>captolugurtla</span> <span class='ocrx_word' id='word_1_136' title='bbox 611 2118 659 2179; x_wconf 92' lang='lat' dir='ltr'>pet</span> <span class='ocrx_word' id='word_1_137' title='bbox 670 2096 846 2177; x_wconf 82' lang='lat' dir='ltr'>Quaestorem</span> <span class='ocrx_word' id='word_1_138' title='bbox 855 2097 943 2161; x_wconf 87' lang='lat' dir='ltr'>suum</span> 
     </span>
    </p>
   </div>
   <div class='ocr_carea' id='block_1_6' title="bbox 255 2170 1018 2264">
    <p class='ocr_par' dir='ltr' id='par_1_7' title="bbox 255 2170 1018 2264">
     <span class='ocr_line' id='line_1_24' title="bbox 255 2170 1018 2264; baseline 0.003 -26"><span class='ocrx_word' id='word_1_139' title='bbox 255 2176 425 2238; x_wconf 84' lang='lat' dir='ltr'>Cornelium</span> <span class='ocrx_word' id='word_1_140' title='bbox 439 2180 569 2261; x_wconf 84' lang='lat' dir='ltr'>syllam,</span> <span class='ocrx_word' id='word_1_141' title='bbox 586 2182 731 2264; x_wconf 85' lang='lat' dir='ltr'>ingentem</span> <span class='ocrx_word' id='word_1_142' title='bbox 749 2182 863 2250; x_wconf 83' lang='lat' dir='ltr'>virum3</span> <span class='ocrx_word' id='word_1_143' title='bbox 884 2199 944 2240; x_wconf 90' lang='lat' dir='ltr'>rra-</span> <span class='ocrx_word' id='word_1_144' title='bbox 1017 2170 1018 2191; x_wconf 54' lang='lat'>¹</span> 
     </span>
    </p>
   </div>
   <div class='ocr_carea' id='block_1_7' title="bbox 246 2258 945 2915">
    <p class='ocr_par' dir='ltr' id='par_1_8' title="bbox 246 2258 945 2915">
     <span class='ocr_line' id='line_1_25' title="bbox 255 2258 944 2343; baseline 0.004 -25"><span class='ocrx_word' id='word_1_145' title='bbox 255 2258 338 2318; x_wconf 89' lang='lat' dir='ltr'>dente</span> <span class='ocrx_word' id='word_1_146' title='bbox 349 2258 465 2320; x_wconf 89' lang='lat' dir='ltr'>Boccho</span> <span class='ocrx_word' id='word_1_147' title='bbox 481 2258 651 2342; x_wconf 84' lang='lat' dir='ltr'>Jugurtham</span> <span class='ocrx_word' id='word_1_148' title='bbox 664 2308 674 2332; x_wconf 92' lang='lat'>‚</span> <span class='ocrx_word' id='word_1_149' title='bbox 686 2265 737 2343; x_wconf 85' lang='lat' dir='ltr'>qui</span> <span class='ocrx_word' id='word_1_150' title='bbox 754 2281 806 2342; x_wconf 93' lang='lat' dir='ltr'>pro</span> <span class='ocrx_word' id='word_1_151' title='bbox 825 2280 860 2321; x_wconf 85' lang='lat' dir='ltr'>to</span> <span class='ocrx_word' id='word_1_152' title='bbox 872 2263 944 2322; x_wconf 62' lang='lat' dir='ltr'>anti</span> 
     </span>
     <span class='ocr_line' id='line_1_26' title="bbox 255 2342 945 2441; baseline 0.001 -41"><span class='ocrx_word' id='word_1_153' title='bbox 255 2361 438 2441; x_wconf 48' lang='lat' dir='ltr'>pugnaverat.</span> <span class='ocrx_word' id='word_1_154' title='bbox 457 2344 485 2402; x_wconf 87' lang='grc' dir='ltr'>Α</span> <span class='ocrx_word' id='word_1_155' title='bbox 504 2342 607 2403; x_wconf 84' lang='lat' dir='ltr'>Marco</span> <span class='ocrx_word' id='word_1_156' title='bbox 625 2344 712 2403; x_wconf 78' lang='lat' dir='ltr'>iunio</span> <span class='ocrx_word' id='word_1_157' title='bbox 731 2343 852 2413; x_wconf 84' lang='lat' dir='ltr'>Silano,</span> <span class='ocrx_word' id='word_1_158' title='bbox 877 2342 945 2401; x_wconf 87' lang='lat' dir='ltr'>col·</span> 
     </span>
     <span class='ocr_line' id='line_1_27' title="bbox 255 2422 943 2505; baseline -0.001 -23"><span class='ocrx_word' id='word_1_159' title='bbox 255 2422 320 2505; x_wconf 84' lang='lat' dir='ltr'>lega</span> <span class='ocrx_word' id='word_1_160' title='bbox 341 2423 445 2499; x_wconf 91' lang='lat' dir='ltr'>Quinti</span> <span class='ocrx_word' id='word_1_161' title='bbox 469 2423 602 2496; x_wconf 87' lang='lat' dir='ltr'>Metelli,</span> <span class='ocrx_word' id='word_1_162' title='bbox 627 2422 743 2485; x_wconf 86' lang='lat' dir='ltr'>Cimbri</span> <span class='ocrx_word' id='word_1_163' title='bbox 766 2426 797 2484; x_wconf 92' lang='lat' dir='ltr'>in</span> <span class='ocrx_word' id='word_1_164' title='bbox 816 2422 943 2495; x_wconf 72' lang='lat' dir='ltr'>Gallii3</span> 
     </span>
     <span class='ocr_line' id='line_1_28' title="bbox 255 2501 943 2566; baseline 0.001 -2"><span class='ocrx_word' id='word_1_165' title='bbox 255 2514 283 2564; x_wconf 87' lang='lat'>&amp;</span> <span class='ocrx_word' id='word_1_166' title='bbox 299 2501 316 2562; x_wconf 76' lang='grc' dir='ltr'>ὲ</span> <span class='ocrx_word' id='word_1_167' title='bbox 330 2503 460 2565; x_wconf 90' lang='lat' dir='ltr'>Minutio</span> <span class='ocrx_word' id='word_1_168' title='bbox 471 2505 550 2565; x_wconf 80' lang='lat' dir='ltr'>Rufo</span> <span class='ocrx_word' id='word_1_169' title='bbox 561 2507 592 2565; x_wconf 91' lang='lat' dir='ltr'>in</span> <span class='ocrx_word' id='word_1_170' title='bbox 608 2504 783 2566; x_wconf 68' lang='lat' dir='ltr'>Macedonia</span> <span class='ocrx_word' id='word_1_171' title='bbox 798 2502 943 2565; x_wconf 86' lang='lat' dir='ltr'>Scordisci</span> 
     </span>
     <span class='ocr_line' id='line_1_29' title="bbox 254 2584 941 2668; baseline -0.001 -21"><span class='ocrx_word' id='word_1_172' title='bbox 254 2596 281 2647; x_wconf 86' lang='lat'>&amp;</span> <span class='ocrx_word' id='word_1_173' title='bbox 295 2585 419 2647; x_wconf 88' lang='lat' dir='ltr'>Triballi</span> <span class='ocrx_word' id='word_1_174' title='bbox 424 2610 434 2659; x_wconf 81' lang='lat'>3</span> <span class='ocrx_word' id='word_1_175' title='bbox 451 2596 480 2648; x_wconf 78' lang='grc' dir='ltr'>δι</span> <span class='ocrx_word' id='word_1_176' title='bbox 494 2584 512 2646; x_wconf 76' lang='grc' dir='ltr'>ὲ</span> <span class='ocrx_word' id='word_1_177' title='bbox 526 2587 645 2648; x_wconf 84' lang='lat' dir='ltr'>Servilio</span> <span class='ocrx_word' id='word_1_178' title='bbox 660 2587 797 2668; x_wconf 82' lang='lat' dir='ltr'>Caepione</span> <span class='ocrx_word' id='word_1_179' title='bbox 814 2588 843 2646; x_wconf 94' lang='lat' dir='ltr'>in</span> <span class='ocrx_word' id='word_1_180' title='bbox 860 2584 941 2647; x_wconf 85' lang='lat' dir='ltr'>His-</span> 
     </span>
     <span class='ocr_line' id='line_1_30' title="bbox 256 2666 943 2749; baseline 0.001 -22"><span class='ocrx_word' id='word_1_181' title='bbox 256 2666 341 2746; x_wconf 58' lang='lat' dir='ltr'>pani&amp;</span> <span class='ocrx_word' id='word_1_182' title='bbox 358 2669 488 2729; x_wconf 85' lang='lat' dir='ltr'>Lusitani</span> <span class='ocrx_word' id='word_1_183' title='bbox 504 2670 573 2729; x_wconf 75' lang='lat' dir='ltr'>vicii</span> <span class='ocrx_word' id='word_1_184' title='bbox 588 2666 671 2730; x_wconf 87' lang='lat' dir='ltr'>sunt:</span> <span class='ocrx_word' id='word_1_185' title='bbox 686 2678 713 2730; x_wconf 76' lang='grc' dir='ltr'>δι</span> <span class='ocrx_word' id='word_1_186' title='bbox 728 2669 786 2729; x_wconf 90' lang='lat' dir='ltr'>duo</span> <span class='ocrx_word' id='word_1_187' title='bbox 802 2667 943 2749; x_wconf 64' lang='lat' dir='ltr'>triumphi</span> 
     </span>
     <span class='ocr_line' id='line_1_31' title="bbox 257 2747 941 2833; baseline 0.004 -26"><span class='ocrx_word' id='word_1_188' title='bbox 257 2747 292 2807; x_wconf 93' lang='lat' dir='ltr'>de</span> <span class='ocrx_word' id='word_1_189' title='bbox 313 2748 471 2833; x_wconf 77' lang='lat' dir='ltr'>Jugurthrl,</span> <span class='ocrx_word' id='word_1_190' title='bbox 498 2753 603 2830; x_wconf 90' lang='lat' dir='ltr'>primus</span> <span class='ocrx_word' id='word_1_191' title='bbox 625 2771 673 2830; x_wconf 92' lang='lat' dir='ltr'>per</span> <span class='ocrx_word' id='word_1_192' title='bbox 692 2750 869 2821; x_wconf 88' lang='lat' dir='ltr'>Metellum,</span> <span class='ocrx_word' id='word_1_193' title='bbox 891 2749 941 2810; x_wconf 91' lang='lat' dir='ltr'>se-</span> 
     </span>
     <span class='ocr_line' id='line_1_32' title="bbox 246 2829 943 2915; baseline 0.007 -24"><span class='ocrx_word' id='word_1_194' title='bbox 246 2829 366 2903; x_wconf 81' lang='lat' dir='ltr'>cundus</span> <span class='ocrx_word' id='word_1_195' title='bbox 384 2851 434 2915; x_wconf 85' lang='lat' dir='ltr'>per</span> <span class='ocrx_word' id='word_1_196' title='bbox 453 2831 582 2898; x_wconf 73' lang='lat' dir='ltr'>Marium</span> <span class='ocrx_word' id='word_1_197' title='bbox 600 2834 658 2897; x_wconf 75' lang='lat' dir='ltr'>aeri</span> <span class='ocrx_word' id='word_1_198' title='bbox 676 2829 763 2908; x_wconf 78' lang='lat' dir='ltr'>suut3</span> <span class='ocrx_word' id='word_1_199' title='bbox 784 2850 853 2897; x_wconf 81' lang='lat' dir='ltr'>ente</span> <span class='ocrx_word' id='word_1_200' title='bbox 872 2853 943 2896; x_wconf 81' lang='lat' dir='ltr'>cut·</span> 
     </span>
    </p>
   </div>
   <div class='ocr_carea' id='block_1_8' title="bbox 0 0 1046 3628">
    <p class='ocr_par' dir='ltr' id='par_1_9' title="bbox 0 0 1046 3628">
     <span class='ocr_line' id='line_1_33' title="bbox 0 0 1046 3628; baseline 0 0"><span class='ocrx_word' id='word_1_201' title='bbox 0 0 1046 3628; x_wconf 95' lang='lat' dir='ltr'> </span> 
     </span>
    </p>
   </div>
  </div>
 </body>
</html>
