1982 3614
208 303 277 355 nr
306 289 645 387 CAESARJBUS.
697 309 764 378 257

83 405 213 465 Romam
233 411 401 480 invexerat,
424 407 505 468 ausin
525 406 718 487 firmatoque,
741 411 772 468 in
793 445 800 456 ι

88 486 189 546 Persas
203 488 343 566 profedlus
357 489 396 548 est
407 532 417 559 ‚
434 489 496 549 edm
511 487 586 569 priris
598 490 662 549 Iani
675 488 747 548 aedes
759 534 771 557 ,

88 589 159 648 quas
175 569 292 629 Marcus
311 568 468 641 clauserat,
483 590 607 650 patentes
627 590 707 628 more
725 590 773 627 ve-

88 666 182 708 terum
204 647 317 709 fecisset.
340 650 385 710 Ibi
405 650 481 734 gesto
503 653 651 733 insigniter
673 650 771 721 bello,

28 761 34 769 ·
86 729 183 789 Marci
205 728 329 811 Philippi
352 731 481 791 Praefesli
504 732 637 791 Praetorio
663 731 772 791 insidiis

86 814 172 891 periit
192 809 323 871 sexennio
343 811 467 892 Imperii.

129 892 300 952 XXVIII.
322 892 411 975 Igitur
428 893 543 953 Marcus
562 893 650 953 Julius
668 889 774 972 Philip-

89 992 142 1052 pus
161 1012 181 1041 ,»
193 973 286 1033 Arabs
303 973 497 1043 Traconites,
517 972 630 1054 sumpto
647 976 677 1032 in
698 995 771 1032 con-

90 1052 211 1115 sortium
239 1051 370 1133 Philippo
393 1053 456 1114 lilio
487 1056 569 1114 rebus
597 1054 634 1113 ad
663 1055 773 1113 Orien-

91 1151 151 1192 tem
184 1138 378 1214 compositis‚
407 1135 578 1216 condiroque
604 1134 678 1214 apud
699 1135 774 1194 Ara-

19 1264 23 1270 .
91 1214 172 1274 biam
187 1213 379 1295 Philippopoli
399 1216 527 1296 oppido,
544 1216 670 1274 Romam
690 1216 777 1274 vend·

93 1317 124 1354 re
152 1318 162 1365 3
194 1295 385 1376 exstrusloque
411 1315 489 1355 trans
519 1295 650 1355 Tiberim
681 1295 775 1366 lacu,

94 1375 175 1457 quod
202 1398 265 1436 eam
292 1396 399 1457 partem
426 1399 442 1436 a
464 1397 504 1436 uae
531 1379 646 1456 penuria
671 1375 777 1458 sariga-

94 1457 146 1516 bat
158 1502 171 1526 ,
191 1479 295 1517 annum
312 1458 401 1518 Urbis
416 1399 597 1518 millesimum
619 1456 692 1516 ludis
710 1478 777 1517 omn

94 1541 176 1597 nium
193 1558 329 1620 generum
347 1538 495 1599 celebrant.
509 1538 547 1597 Et
566 1541 701 1618 quoniam
719 1560 777 1597 no-

95 1637 165 1677 men
187 1612 358 1690 admonuit,
371 1617 465 1678 nostrai
486 1640 598 1700 quoque
618 1638 697 1678 aetate
716 1616 777 1698 poll

95 1700 177 1757 mille
197 1746 208 1768 ,
237 1703 436 1770 centesimus,
459 1699 585 1760 Consule
611 1697 776 1780 Philippo,

95 1784 236 1851 excessit,
253 1782 357 1849 nullis,
375 1783 417 1840 uti
434 1779 528 1850 solet,
543 1779 702 1840 solennibus
721 1780 778 1840 fre·

118 1879 247 1920 uentatus
273 1885 282 1919 z
313 1860 385 1920 adeo
412 1864 442 1920 in
473 1859 532 1920 dies
560 1881 626 1918 cura
658 1862 778 1918 minima

95 1883 237 2004 Romana
257 1942 342 2002 urbis.
366 1940 454 2018 Quod
472 1938 603 2021 equidem
624 1940 780 1999 denuncia-

97 2042 160 2083 tum
188 2024 239 2082 illo
265 2042 391 2103 tempore
414 2022 550 2104 prodigiis
575 2018 714 2101 portentis
730 2041 776 2080 ue.

96 2105 144 2169 Ex
157 2103 220 2186 quis
238 2125 326 2163 unum
347 2124 503 2163 memorare
518 2102 597 2162 brevi
609 2103 686 2161 libet.
731 2120 779 2162 am
834 2109 839 2119 '

96 2183 165 2245 crim
188 2183 359 2244 Pontificum
378 2184 440 2266 lege
459 2181 555 2242 hostiae
574 2181 778 2253 madlarentur,

98 2263 156 2325 suis
183 2285 263 2324 utero
291 2267 377 2324 maris
400 2310 411 2333 ,
438 2263 619 2323 foeminarum
646 2264 781 2345 genitalia

99 2349 261 2425 apparuere.
281 2345 313 2404 Id
337 2342 493 2425 haruspices
515 2342 684 2404 solutionem
711 2340 781 2422 pos·

100 2446 226 2486 terorum
245 2426 432 2505 portendere,
451 2428 574 2504 vitiaque
594 2423 656 2483 fore
668 2425 782 2561 potiora

101 2508 283 2586 interpretati.
307 2508 395 2583 Quod
414 2504 574 2566 frustratum
592 2507 626 2563 iri
643 2524 665 2561 ae
690 2506 781 2562 imaus
813 2538 817 2555 ‹

101 2587 262 2668 Imperator
275 2585 419 2666 Philippus
433 2632 442 2657 ,
465 2604 526 2644 tum
540 2586 607 2665 quia
619 2583 694 2643 sorte
708 2598 782 2724 prb·

101 2672 205 2729 teriens
219 2713 228 2738 ‚
241 2666 293 2727 lilii
310 2670 431 2727 similem
450 2688 501 2747 pro
515 2667 617 2725 merito
630 2662 710 2745 Ephe
732 2684 782 2724 um

101 2749 305 2829 conspexerat,
323 2747 402 2809 usum
423 2748 513 2808 virilis
534 2745 619 2806 scorti
633 2767 784 2806 removen-

101 2829 171 2893 dum
182 2827 377 2892 hondtissrme
391 2827 568 2893 consultavit.
577 2829 783 2892 Verumtamen
