2010 3616
199 268 334 340 Orico
356 267 517 336 Gentis
534 268 644 339 Rom,
700 292 765 358 149

87 410 147 461 rat,
158 390 306 450 Lavinium
317 390 540 472 cognominavin
551 389 591 449 At
600 381 669 448 vero
678 387 768 449 Ama·

86 491 145 530 tam
157 472 248 531 Latini
261 473 336 552 regis
348 490 466 529 uxorem
479 516 490 538 ‚
506 470 569 529 cum
580 470 697 554 indigne
710 470 766 529 ser·

86 572 157 621 ret,
176 552 350 619 Lauiniam,
370 549 515 630 repudiato
533 549 633 610 Turno
655 550 762 612 conso-

85 632 166 691 brino
188 631 260 701 sun,
280 631 411 709 Trojano
434 631 548 691 advenae
567 633 735 693 collocatam
750 680 762 704 ,

67 764 69 768 Α
85 710 213 773 Turnum
223 713 260 772 ad
271 734 350 771 arma
360 709 555 785 concitavisle3
566 734 685 795 eumque
692 737 763 774 mox

85 798 182 854 coacio
204 794 374 853 Rutulorum
395 794 544 863 exercitu,
567 792 710 857 tetendisse
733 798 764 855 in

83 895 183 958 agrum
204 876 400 943 Laurentem,
423 883 450 933 &
470 874 600 934 adversus
617 894 682 934 eum
706 876 763 936 La-

85 958 173 1015 tinum
191 959 295 1035 pariter
314 955 378 1014 cuni
390 954 485 1015 AEnei
506 952 693 1039 progressum,
713 958 761 1016 inss

84 1053 124 1095 tet
146 1037 299 1117 praeliantes
320 1038 543 1096 circumventum
568 1035 761 1116 occisumque.

84 1115 146 1176 Nec
165 1138 261 1176 tamen
286 1112 385 1175 amisso
407 1114 633 1176 soceroAEncas
653 1117 764 1178 Rutulis

83 1196 212 1258 obsistere
232 1197 337 1266 desiit,
353 1219 422 1268 nam
442 1218 477 1254 uc
493 1197 667 1257 &Turnum
686 1201 763 1257 inte-

83 1282 172 1338 remit.
190 1277 326 1338 Hostibus
342 1276 412 1337 susis
422 1219 588 1360 sugatisque
603 1281 695 1337 vision
711 1280 765 1339 La·

84 1361 188 1419 vinium
208 1357 236 1418 se
259 1380 324 1417 cum
343 1356 401 1417 'suis
422 1361 553 1438 recepit,
574 1357 765 1443 consensuque

84 1444 212 1499 omnium
228 1442 395 1499 Latinorum
409 1438 470 1498 Rex
490 1439 645 1501 declaratus
663 1440 704 1500 est
715 1466 721 1498 ε
734 1462 765 1503 ut

82 1518 176 1580 scribit
196 1521 322 1580 Lutatius
339 1520 389 1579 lib.
418 1539 442 1594 3.
464 1519 529 1579 Piso
548 1522 663 1601 quidem
684 1522 763 1582 Tur-

84 1623 149 1660 num
167 1601 335 1661 matmelem
353 1602 464 1660 Amatae
484 1598 563 1660 fuisse
584 1603 690 1672 tradit,
714 1606 763 1663 in-

84 1682 255 1763 terfestoque
267 1682 391 1753 Latino,
411 1701 533 1741 mortem
548 1681 639 1763 ipsam
652 1685 765 1744 sibimet

84 1761 252 1823 conscivisse.
414 1831 418 1838 ‚

121 1845 216 1903 XIV.
238 1845 328 1927 Igitur
347 1843 497 1915 AEneam,
521 1844 617 1905 occiso
638 1846 779 1920 Turno,¹

83 1945 172 1985 rerum
187 1927 309 2005 potitum
323 1948 333 1995 3
354 1924 417 1984 crim
431 1923 524 1984 adhuc
538 1927 641 1985 irarum
655 1944 765 1986 memor

83 2004 202 2065 Rutulos
214 2006 290 2064 bello
302 2004 429 2088 persequi
442 2003 616 2079 instituisset,
634 2008 697 2067 illos
710 2009 764 2067 sibi

82 2105 112 2144 ex
130 2085 246 2147 Etrurii
268 2087 403 2145 auxilium
422 2088 562 2148 Mezentii
583 2090 656 2167 regis
674 2089 762 2172 Agil-

81 2166 198 2227 laeorum
216 2163 382 2240 adscivisse,
402 2189 435 2227 ac
452 2168 659 2249 imploravisse,
677 2172 778 2250 polsi-q

81 2249 153 2307 citos
167 2295 179 2319 ,
195 2250 218 2307 si
230 2250 348 2307 victoria
362 2268 441 2328 parta
455 2248 548 2321 foret,
566 2253 686 2321 omnia,
701 2273 763 2331 quae

80 2328 251 2388 Latinorum
265 2325 371 2399 essent,
390 2331 538 2390 Mezentio
553 2329 662 2391 cessura.
679 2332 763 2390 Tunc

79 2409 232 2479 AEneam,
248 2406 326 2490 quod
339 2413 426 2488 copiis
440 2410 554 2483 inferior
567 2432 644 2491 erat,
669 2411 764 2470 multis

77 2492 160 2551 rebus
173 2536 183 2563 ,
201 2512 264 2571 quae
276 2488 427 2552 necessatis)
440 2492 548 2552 tuendae
561 2511 658 2561 etant,
679 2494 709 2549 in
722 2512 766 2549 ur-

78 2571 145 2630 bem
165 2575 370 2651 comportatis,
393 2571 477 2631 castra
495 2572 546 2633 sub
561 2572 681 2631 L'avinio
697 2573 763 2631 col·
780 2574 782 2577 ’

76 2650 204 2722 locisse3
226 2654 429 2733 praepositoque
449 2653 492 2713 his
510 2651 571 2711 filio
584 2652 763 2732 Euryleone,

76 2732 172 2814 ipsum
188 2734 280 2791 eletio
294 2732 331 2792 ad
345 2734 538 2793 dimicandum
552 2753 677 2814 tempore
691 2782 701 2806 ,
719 2756 766 2793 co-

75 2817 141 2895 pias
165 2818 198 2874 in
224 2815 316 2874 aciem
339 2813 519 2896 produxisse,
548 2818 619 2875 circa
645 2816 765 2877 Numici

563 2897 642 2976 Giij
