1972 3624
413 164 423 193 ἱ

192 267 261 347 356
333 256 527 326 errr
565 258 716 326 Ruri

190 377 336 437 montibus
350 376 538 447 resistebant,
564 377 649 435 deleti
667 375 740 436 sunt.
762 378 807 436 Ac
830 392 880 457 per

191 479 292 518 omnes
305 455 457 538 Hispanias
471 456 518 517 ser
532 456 597 517 sunt
609 480 684 517 nunc
698 461 854 537 provinciae
870 481 877 513 ε

191 538 436 608 Tarraconensis,
462 537 572 600 Cartha
594 542 698 599 iriensis
719 584 730 608 ,
758 540 877 598 Lusita-

193 623 261 690 nia,
274 620 428 688 Gallaecia,
439 620 550 680 Bretica.
563 561 776 679 'stans‘sretum
789 622 879 680 etiam

192 705 223 759 in
242 698 304 758 solo
321 720 400 760 terrae
416 699 520 761 Africae
534 747 545 770 ,
561 703 707 781 provincia
721 699 881 780 Hispania-

195 803 259 840 tum
277 779 339 852 est,
361 803 422 862 quae
435 778 621 862 Tingitanica
632 783 811 841 Mauritania
828 796 880 840 co-

193 865 388 945 gnominatur.
416 862 462 921 Ex
485 861 529 921 his
552 862 655 922 Baetica
681 871 708 922 &
730 863 888 923 Lusitania-

193 941 376 1013 consulate53
398 963 501 1002 caeterae
518 943 675 1023 praesidales
694 942 768 1002 sunt.

232 1024 292 1084 Vl.
313 1024 391 1084 Cum
416 1024 511 1083 Gallis
536 1027 703 1105 gravissima
723 1025 799 1083 bella
820 1045 880 1103 po-

125 1120 133 1135 *
197 1105 277 1184 pulus
295 1105 442 1180 Romanus
460 1102 568 1165 habuit.
596 1105 676 1164 Galli
693 1107 771 1164 enim
791 1108 881 1165 etiam

196 1186 276 1245 illam
294 1206 403 1266 partem
419 1186 531 1255 Italiae,
552 1189 582 1244 in
601 1184 659 1266 qui
670 1207 744 1244 nunc
757 1187 881 1246 Medio·

196 1267 293 1326 lanum
313 1265 375 1337 est,
400 1264 486 1346 usque
505 1266 541 1324 ad
558 1267 741 1326 Rubiconem·
758 1269 880 1337 fluvium

194 1349 327 1407 terrebant
339 1370 349 1417 3
372 1350 402 1406 in
415 1367 526 1406 tantum
538 1348 644 1406 viribus
658 1347 748 1416 freti,
773 1368 804 1406 ut
815 1349 883 1408 Ro·

194 1450 273 1487 mam
291 1426 380 1508 ipsam
395 1428 471 1486 bello
488 1447 613 1508 peterent
628 1451 638 1498 3
657 1437 685 1488 &
704 1431 781 1488 caesis
799 1450 882 1489 exer·

194 1509 296 1568 ritibus
327 1508 466 1568 Romanis
495 1509 569 1589 apud
598 1509 707 1568 Alliam
733 1511 854 1570 fluvium
867 1559 879 1583 ,

194 1593 301 1649 moenia
329 1590 407 1648 urbis
434 1593 605 1660 intrarent,
641 1587 881 1672 Capitoliumque

196 1671 375 1740 obsiderent,
392 1669 429 1728 ad
445 1676 523 1749 cujus
540 1692 632 1729 arcem
649 1669 772 1730 sexcenti
791 1675 880 1732 nobi·

194 1751 235 1810 les
247 1752 430 1812 &Senatores
444 1750 651 1834 confugerant3
667 1756 717 1832 qui
729 1753 808 1812 mille
818 1757 881 1813 auri

197 1833 294 1912 pondo
312 1830 340 1891 se
355 1832 392 1891 ab
407 1832 760 1894 obsidioneredemerunt
778 1833 882 1895 Poste‘a

198 1913 298 1974 Gallos
322 1935 387 1973 cum
412 1911 531 1973 visioria
556 1934 737 1983 remeantes,
765 1914 896 1976 Camil?

196 1995 263 2066 lus,
286 1997 378 2076 quiin
392 1995 492 2054 exsilio
509 2015 590 2066 erat,
611 1994 732 2055 collesli
748 1995 783 2054 de
801 2002 881 2080 agris

196 2076 401 2145 multitudine,
421 2078 582 2156 oppressit3
604 2098 706 2135 aurum
723 2085 752 2136 &
770 2079 879 2159 signa,

195 2177 257 2236 quae
271 2157 349 2217 Galli
363 2177 514 2236 ceperant,
530 2161 692 2236 reportavit.
708 2157 788 2218 Cum
802 2158 883 2219 Gal-

194 2237 229 2296 lis
249 2239 331 2297 multi
346 2235 486 2297 Consules
499 2283 509 2306 ,
521 2238 654 2297 Praetores
673 2260 705 2296 ac
717 2237 880 2300 Dislatores

197 2338 298 2378 eventu
318 2321 399 2377 vario
427 2320 620 2377 conflixerunt.
643 2319 753 2378 Marius
777 2319 881 2380 Gallos

197 2398 232 2458 de
253 2398 334 2459 ltalii
349 2399 455 2478 expulit
471 2422 481 2469 3
503 2408 531 2458 &
552 2396 718 2459 transcensis
731 2399 879 2479 Alpibus,

196 2480 318 2543 feliciter
339 2477 470 2539 adversus
493 2501 542 2539 eos
566 2484 711 2563 pugnavit.
734 2480 882 2543 Caetertim

198 2561 289 2622 Caius
303 2558 399 2621 Caesar
414 2582 479 2619 cum
494 2561 592 2620 decem
606 2562 767 2644 legionibus
780 2607 792 2630 ,
816 2584 883 2642 quae

197 2662 334 2722 quaterna
346 2642 445 2700 'millia
464 2643 589 2702 militum
608 2643 748 2702 Italorum
769 2640 885 2703 babue-

198 2743 263 2782 runt
272 2769 284 2792 ,
298 2745 348 2803 per
358 2744 447 2782 annos
459 2744 563 2782 novem
575 2724 610 2782 ab
619 2724 739 2804 Alpibus
749 2723 787 2782 ad
800 2721 885 2783 Rhe-

196 2825 265 2864 num
284 2802 371 2889 usque
385 2803 495 2866 Gallias
514 2802 648 2888 subegit:
671 2826 737 2866 cum
751 2804 883 2867 barbaris
