2056 3628
198 308 239 371 68
365 302 679 371 Eurnoarr

197 425 303 483 bellurn
327 425 440 493 intulit,
466 432 612 482 &eorum
640 441 735 480 reem
763 420 891 484 Oroden

196 525 237 564 ter
259 507 327 564 vicit
348 528 355 561 z
379 501 518 585 postremo
544 524 591 583 per
614 441 742 582 episolas
763 525 795 562 ac
816 525 890 563 mu-

197 608 263 645 nera
284 604 419 668 rogatus,
436 587 549 645 veniam
570 586 597 642 ei
617 606 649 644 ac
672 604 771 663 pacem
792 583 885 646 dedit.

196 667 294 729 Iberiae
314 688 427 747 quoque
450 687 546 750 regem
571 665 693 725 Artacen
715 667 785 726 vicit
802 668 886 736 acie,

200 757 227 807 δέ
252 750 280 806 in
301 747 474 807 deditionem
495 749 611 825 accepit.
631 748 798 806 Armeniam
818 746 887 806 Mi-

199 849 298 887 norem
322 831 476 908 Dejotar0‚
505 828 625 889 Galatiae
646 828 725 908 regi,
747 828 886 900 donavit,

199 912 267 990 quia
281 907 372 969 socius
386 911 453 969 belli
464 907 654 968 Mithridatici
668 907 768 989 fuerat.
783 909 887 968 Attalo

201 1000 228 1050 &
243 991 397 1071 Pylaemeni
409 988 635 1072 Paphlagoniam
647 988 768 1047 reddidit
782 1013 788 1046 :
803 988 889 1049 Aris-

201 1070 330 1130 tarchum
362 1070 482 1133 Colchis
510 1088 604 1164 regem
633 1067 778 1150 imposuit.
808 1070 889 1131 Mox

201 1152 318 1212 Ituraeos
341 1162 368 1212 ὅ(
391 1153 498 1212 Arabes
521 1154 610 1221 vrcit3
634 1161 660 1211 &
682 1149 745 1209 crim
769 1149 889 1212 venisset

201 1234 231 1292 in
249 1236 380 1315 Syriam,
397 1235 572 1302 Seleuciam,
586 1235 711 1292 vicinam
724 1230 888 1293 Antiochiae

203 1317 367 1385 civitatem,
385 1316 513 1373 libertate
534 1313 668 1384 donavit,
690 1311 769 1393 qubd
789 1334 889 1394 regem

202 1395 360 1478 Tigranem
404 1419 462 1455 non
494 1391 644 1475 recepisset.
683 1392 890 1454 Antiochensi-

203 1476 255 1535 bus
284 1475 395 1535 obsides
417 1476 538 1536 reddidit
561 1522 570 1546 ,
594 1476 770 1557 aliquantum
800 1497 892 1558 agro-

205 1578 266 1614 runr
292 1555 512 1636 Daphnensibus
537 1556 633 1627 dedit,
660 1577 716 1637 quo
742 1558 818 1615 lucus
843 1558 890 1617 ibi

204 1635 353 1716 spatiosior
365 1637 458 1708 fieret,
472 1638 622 1698 delectatus
632 1639 794 1696 arnoenitate
811 1639 887 1711 loci,

119 1723 121 1729 '
204 1727 231 1778 &
255 1741 270 1777 a
293 1741 391 1778 uarum
412 1718 596 1778 abundantii.
614 1719 682 1778 Inde
706 1717 741 1778 ad
759 1715 888 1779 Judaeam

205 1742 398 1882 transgressus,
412 1797 664 1880 Hierosolymam,
677 1818 759 1879 caput
773 1802 888 1882 gentis,

206 1884 288 1940 tertio
302 1878 397 1939 mense
417 1883 509 1960 cepit,
526 1881 675 1940 duodecim
697 1881 820 1939 millibus
839 1882 893 1941 Ju-

206 1962 329 2021 daeorum
350 1965 468 2033 occisis,
488 1964 589 2021 cacteris
609 1964 637 2020 in
655 1960 740 2020 fidem
756 1964 890 2040 acceptis.

205 2042 260 2101 His
284 2042 382 2125 gestis,
400 2047 429 2102 in
446 2043 546 2102 Asiam
568 2040 596 2102 se
617 2045 738 2124 recepit,
756 2052 783 2102 &
800 2041 890 2104 finem

145 2180 149 2185 ,
206 2126 404 2203 antiquissimo
423 2125 499 2182 bello
521 2124 607 2184 dedit.

247 2203 315 2264 XV.
330 2205 432 2263 Marco
445 2204 543 2264 Tullio
558 2206 698 2265 Cicerone
717 2212 847 2275 oratore,
860 2214 892 2265 &

151 2344 154 2351 ,
208 2282 244 2344 C.
272 2286 400 2344 Antonio
428 2284 622 2357 Consulibus,
645 2309 721 2346 anno
748 2287 785 2346 ab
807 2287 893 2345 Urbe

207 2364 322 2424 conditi
340 2388 523 2426 ncrxxxrx.
547 2369 650 2426 Lucius
670 2369 718 2429 Ser
741 2369 782 2426 ius
805 2366 895 2427 Cati-

207 2447 287 2518 lina,
308 2447 478 2507 nobilissimi
497 2451 604 2530 generis
628 2451 686 2519 vir,
712 2389 759 2507 sid
781 2449 894 2530 ingenii

206 2529 381 2608 pravissimi,
402 2528 438 2588 ad
458 2528 605 2589 delendam
626 2532 744 2608 patriam
762 2535 894 2608 conjura-

205 2611 248 2668 vit
275 2631 339 2670 cum
361 2607 550 2692 quibusdam,
578 2611 657 2671 claris
679 2610 814 2691 quidem,
841 2607 895 2671 sed

206 2689 358 2751 audacibus
378 2693 452 2752 viris.
465 2693 492 2752 A
504 2690 643 2752 Cicerone
663 2693 742 2753 Urbe
762 2689 896 2771 expulsus

208 2767 247 2827 est
262 2794 269 2827 ι
283 2769 353 2829 socii
365 2778 422 2851 ejus
437 2770 620 2852 deprehensi,
636 2775 665 2832 in
680 2793 785 2833 carcere
797 2770 896 2832 stran-

208 2850 297 2934 gulati
311 2850 383 2913 sunt.
402 2853 450 2914 Ab
467 2854 615 2927 Antonio,
637 2855 724 2916 altero
743 2852 899 2929 Consule,
