1982 3614
202 265 271 345 236
344 255 469 327 Aue.
498 258 710 327 Vrcron

200 378 293 434 minus
310 372 403 436 lindie
424 374 515 434 facilis
533 377 564 434 in
580 376 713 446 tutudit,
732 377 779 456 qui
800 370 862 436 forti

199 459 230 515 in
250 455 278 515 se
292 452 511 536 conspirlll'ent3
534 457 605 515 adeo
624 476 654 515 ut
672 455 735 514 crim
754 458 861 537 amplis-

200 539 266 596 simi
282 536 387 596 ordinis
407 537 485 607 duo,
505 537 626 596 abnuere
646 539 798 618 cogitatum
813 532 862 596 ste·

199 617 242 676 lus
268 620 445 698 nequirent,
472 617 621 699 Patresque
652 614 811 677 censuiffent
836 616 864 676 de

160 722 162 727 ·
192 697 338 758 ‘confessis
352 697 518 777 supplicium
535 697 724 769 sumendum,
745 698 864 758 deductos

202 781 233 837 in
247 778 434 859 spectaculum
448 777 475 837 se
492 782 631 860 utrimque
644 778 762 838 assidere
778 781 864 859 jussit3

203 862 347 941 petitoque
360 880 393 918 ex
411 859 543 919 industrii
556 861 720 942 gladiatoris
733 905 742 931 ,
760 876 866 940 quorum

204 959 304 1023 pugnae
324 937 506 1011 visebantur,
530 941 651 1024 gladio,
674 943 754 1022 quasi
773 940 807 1000 ad
823 961 865 998 ex-

204 1019 369 1102 plorandam
387 1024 501 1093 atietn,
525 1025 575 1081 uni
594 1041 678 1103 atque
696 1022 776 1080 alteri
796 1040 867 1079 com·

204 1105 315 1162 mittete
336 1125 346 1173 3
373 1101 435 1184 quis
457 1104 617 1182 perculsit,
643 1112 678 1162 δι’
696 1099 867 1161 constantiam

172 1191 175 1195 ’
206 1184 372 1255 mirantibus
388 1207 395 1241 :
409 1181 578 1254 Videtisne,
598 1186 712 1265 inquit,
731 1181 867 1242 Potestates

207 1266 279 1324 fato
300 1265 380 1335 dari,
402 1261 554 1345 frustraque
574 1267 675 1324 tentari
698 1263 804 1324 facinus
824 1285 868 1343 po·

144 1372 147 1381 ²
207 1346 300 1405 tiundi
316 1344 384 1423 spe,
405 1346 450 1404 vel
464 1345 612 1405 amittendi
627 1352 726 1404 metu?
747 1346 788 1404 Ita
801 1346 869 1404 bien·

208 1428 258 1485 nio
281 1425 365 1504 post,
391 1447 424 1483 ac
447 1425 553 1485 menses
574 1424 631 1484 fere
654 1446 781 1496 novem,
804 1426 868 1485 Am-

208 1503 361 1585 phitheatri
385 1506 508 1583 perfesto
531 1527 637 1586 opere,
661 1503 808 1587 lautusque
825 1527 870 1564 ve-

208 1607 284 1645 neno
311 1587 437 1656 interiit,
462 1609 538 1647 anno
565 1589 617 1647 aevi
644 1587 871 1668 quadragesim03

210 1665 274 1725 crim
293 1672 350 1745 ejus
366 1685 442 1745 pater
458 1665 663 1750 septuagesimo
679 1665 809 1739 obiillet,
827 1667 873 1726 lm·

210 1764 320 1828 petatur
345 1748 481 1808 decennii.
509 1748 603 1827 Hujus
626 1746 692 1825 satie
718 1770 793 1808 mors
813 1747 873 1807 adeo
964 1738 973 1785 ·’

211 1830 361 1909 provinciis
386 1829 472 1888 luetui
500 1827 577 1899 fuit,
603 1831 665 1900 uti,
692 1832 800 1912 generis
825 1826 873 1886 hu·

212 1912 291 1969 mani
304 1909 417 1970 delicias
433 1910 624 1990 appellantes,
640 1910 774 1970 orbatum
789 1909 874 1969 orbem

213 1990 352 2060 deflerent.

265 2069 330 2130 XI.
362 2071 451 2153 Igitur
477 2071 661 2131 Domitianus
687 2069 779 2131 fratris
803 2087 873 2150 atque

214 2150 391 2229 Imperatoris
415 2153 517 2230 optimi
541 2172 632 2222 nece,
657 2154 766 2231 privato
791 2150 875 2211 scelere

215 2232 382 2312 publicoque
396 2234 554 2303 amemini,
568 2233 652 2292 simul
665 2229 811 2292 maculosa:
819 2229 876 2290 ado·

214 2311 378 2382 lescentiae,
409 2313 513 2391 praedas
539 2358 549 2383 ,
590 2312 724 2384 caedem,
755 2311 875 2392 supplicia

215 2415 298 2477 agere
316 2396 445 2472 occoepit.
466 2395 563 2472 Major
585 2393 736 2453 libidinum
758 2394 877 2475 flagitio,

215 2497 249 2534 ac
280 2476 341 2557 plus
372 2473 458 2556 quim
492 2473 607 2554 superbe
644 2493 727 2534 utens
755 2471 877 2533 Patribus.

215 2557 330 2636 Quippe
356 2558 405 2637 qui
432 2554 460 2615 se
482 2556 643 2616 Dominum
662 2554 811 2635 Deumque
829 2550 879 2609 dici

216 2640 363 2718 co'e‘gerit3
388 2638 466 2718 quod
489 2634 636 2695 confestim
658 2635 694 2694 ab
716 2632 878 2715 insequenti-

186 2758 190 2763 -
216 2714 269 2774 bus
302 2718 468 2790 remotum,
500 2715 619 2777 validius
653 2715 743 2777 multo
779 2710 880 2795 posthac

217 2793 345 2877 deinceps
367 2800 490 2859 retulere.
514 2797 570 2859 Sed
592 2798 777 2859 Domitianus
800 2789 880 2877 primi>
