2056 3628
336 259 524 328 Lentu
573 258 607 326 L
769 278 806 328 ιι

122 388 210 462 jentes
236 389 264 441 &
295 378 476 448 Fidenates,
507 394 628 459 quorum
658 374 708 437 alii
735 370 816 439 seito

123 464 262 524 milliario
273 459 377 520 absunt
391 464 402 537 [
415 459 450 519 ab
461 458 528 518 urbe
539 456 635 518 Romi
645 459 677 534 ],
693 460 741 519 alii
762 482 814 520 oc·

122 564 192 605 tavo
210 544 348 612 decimo,
368 540 444 599 bello
462 538 609 620 superavit.
623 540 733 600 Urbem
749 563 812 602 am·

122 627 243 706 pliavit,
256 622 369 703 adje&o
382 622 477 683 Coelio
488 640 594 680 monte.
607 618 685 682 cum
696 623 812 705 triginta

122 706 238 766 duobus
265 705 347 765 annis
373 699 533 786 regniffet,
561 701 680 764 fulmine
706 706 776 766 inus
799 752 813 778 ,

123 808 193 846 cum
213 786 305 846 domo
321 781 372 844 sui
391 787 467 844 arsit.
845 830 848 837 .

132 894 138 903 ¹
165 868 208 927 V.
230 865 298 927 Post
324 863 398 926 hunc
420 867 515 926 Ancus
533 866 682 938 Marcius,
706 866 811 929 Numae

123 968 161 1007 ex
179 947 241 1007 filii
254 968 289 1007 ne
353 992 362 1018 ‚
387 945 680 1028 suscepitimperium.
699 948 811 1011 Contra

124 1029 248 1090 Latinos
277 969 425 1088 iiiicavit
449 1028 652 1088 :Aventinum
681 1050 810 1091 montem

124 1111 238 1170 civitati
250 1109 370 1187 adjecit,
380 1118 408 1169 &
420 1110 579 1169 Janiculum
592 1134 599 1166 :
611 1107 686 1189 apud
697 1109 812 1173 Ostium

125 1193 275 1251 civitatem
294 1187 375 1270 supra
391 1210 468 1250 mare
485 1189 691 1251 sexto-decimo
705 1193 812 1254 minia-

125 1274 172 1332 rio
195 1273 233 1331 ab
252 1271 320 1330 urbe
339 1272 435 1330 Romi
451 1271 587 1331 condidit.
610 1273 763 1355 Vigesimo
784 1283 813 1336 &

124 1372 230 1434 quarto
250 1374 326 1412 anno
343 1352 480 1432 imperii,
500 1353 601 1412 morbo
620 1356 710 1433 periit.

170 1434 231 1493 Vl.
257 1432 369 1492 Deinde
385 1454 504 1516 regnum
520 1432 626 1494 Priscus
640 1434 813 1518 Tarquinius
910 1484 914 1491 .

126 1516 247 1593 accepit.
264 1513 320 1574 Hic
337 1534 485 1574 numerum
503 1516 670 1576 Senatorum
685 1517 814 1597 duplica-

127 1597 194 1666 vi13
209 1594 327 1655 Circum
342 1596 442 1655 Romae
457 1595 605 1657 aedificavit
619 1620 629 1668 3
645 1599 740 1657 Ludos
753 1599 813 1659 Ro·
881 1612 883 1617 ’

127 1697 233 1736 manos
245 1674 379 1748 instituit,
392 1678 442 1758 qui
455 1678 491 1736 ad
505 1676 627 1738 nostram
642 1681 812 1741 memoriam

128 1776 305 1838 permanent.
322 1758 405 1818 Vicit
421 1756 498 1818 idem
517 1761 604 1819 etiam
622 1760 764 1829 Sabinou
784 1770 813 1820 δι
908 1820 918 1841 ,1

129 1859 190 1898 non
216 1859 316 1919 parum
342 1858 495 1922 agrorum,
522 1838 663 1899 sublatum
686 1839 787 1900 iisdem
801 1887 814 1912 ,

130 1920 207 1978 urbis
225 1920 327 1978 Romae
345 1921 484 1978 territorio
508 1919 661 2000 adjunxit3
687 1922 811 2000 primus-

153 2020 188 2058 ue
216 1997 393 2080 triumphans
420 2001 531 2062 Urbem
558 2002 679 2061 intravit
711 2001 814 2063 Muros

129 2021 221 2151 iecit,
244 2089 273 2141 &
302 2082 435 2152 cloaca53
456 2081 634 2162 Capitoiium
656 2080 813 2146 inchoavit.

130 2160 296 2243 Trigesimo
316 2166 421 2222 oetavo
440 2164 551 2243 imperii
571 2185 648 2225 anno
670 2185 720 2244 per
738 2167 816 2226 Anci
923 2203 926 2210 -

128 2240 209 2302 filios
225 2242 333 2304 occisus
352 2241 413 2315 est,
428 2246 500 2328 regis
515 2250 574 2330 ejus
585 2291 598 2315 ,
615 2246 662 2305 cui
675 2243 734 2326 ipse
749 2245 814 2305 suc·

130 2320 255 2466 ce{itini
276 2404 345 2465 Post
366 2402 440 2465 hunc
459 2407 568 2468 Servius
585 2407 697 2468 Tullius
720 2406 817 2468 susce-

131 2485 176 2566 pit
191 2487 365 2586 imperium,
384 2489 493 2570 genitus
507 2510 545 2590 fx
562 2489 653 2583 nubili
668 2487 789 2571 foemini
802 2536 816 2560 ‚

131 2584 359 2731 neuun?
367 2567 612 2717 niun?
619 2570 818 2726 nmini:

132 2725 337 2799 Viminalem,
356 2728 557 2815 Esquilinum,
573 2730 648 2792 Urbi
667 2731 816 2812 adjunxit:

132 2805 221 2870 foffas
236 2812 313 2871 circa
324 2831 438 2871 mutum
453 2812 544 2872 duxit,
559 2812 816 2973 PrinXisVJmnium
