1982 3614
204 278 270 331 nr
301 264 636 333 Caesareanae.
690 284 754 356 225

83 382 209 445 sororum
222 380 316 464 stupro
329 403 361 442 ac
376 384 562 443 matrimoniis
576 382 693 444 illudens
707 406 762 443 no-

83 467 185 525 bilibus
213 464 341 524 Deorum
370 460 468 523 habitu
494 463 673 534 incedebat,
696 464 762 525 crim

83 547 184 607 Jovem
205 543 234 604 se
258 544 298 604 ob
318 541 477 615 incestum,
498 567 532 604 ex
554 543 641 605 chor‘o
667 564 761 608 autem

83 624 253 686 Bacchanali
266 624 399 685 Liberum
416 622 444 683 se
456 622 586 685 assereret.
598 627 700 707 Neque
716 626 762 686 se-

82 705 128 768 rris
156 708 310 766 contractis
333 706 369 765 ad
391 726 478 765 unum
506 707 687 787 legionibus,
712 706 761 788 spe

81 791 112 849 in
142 787 330 848 Germaniam
356 784 602 870 transgrediendi,
638 786 762 850 conchas

82 865 289 949 umbilicosque
317 868 348 925 in
377 888 426 927 ora
456 871 540 928 maris
565 867 676 928 Oceani
704 870 762 953 legi

81 951 169 1027 jussit.
192 947 271 1010 Crim
295 948 305 1005 i
325 945 353 1006 se
371 969 446 1007 nunc
464 949 540 1007 fluxo
561 949 637 1008 cultu
658 950 760 1009 Vene-
782 983 791 998 ·

82 1032 181 1111 rioque
202 967 366 1099 inteteiiht3
393 1050 466 1088 nunc
488 1049 610 1089 armatus
633 1027 722 1109 spolia
743 1030 768 1092 ὲ-

82 1108 111 1168 se
133 1132 193 1169 non
211 1130 245 1169 ex
262 1106 446 1179 hominibus,
464 1106 512 1168 sed
526 1108 679 1169 coelestium
698 1116 761 1192 capi

80 1190 225 1250 dictitaret
235 1212 252 1260 ‚⁴
268 1188 372 1249 scilicet
392 1187 470 1270 qubd
491 1187 653 1267 hujusmodi
675 1190 763 1270 pisces

28 1318 30 1322 ,
82 1271 249 1332 Graecorum
264 1271 363 1339 dieto,
381 1269 445 1351 quis
461 1270 583 1352 augendi
596 1273 693 1330 omnia
706 1270 763 1331 stu-

81 1350 163 1410 dium
185 1348 243 1422 est,
259 1348 459 1430 Nympharum
478 1352 587 1410 lumina
608 1349 762 1432 accepisset.
811 1406 813 1409 ,

81 1430 138 1491 His
168 1433 255 1491 elatus
276 1431 426 1491 dominum
449 1431 506 1491 dici
518 1477 530 1500 ,
547 1450 632 1513 atque
653 1435 763 1518 insigne

81 1515 164 1595 regni
182 1514 267 1592 capiti
283 1514 391 1572 nectere
412 1530 574 1573 tentaverat.
594 1512 660 1591 Qui
681 1514 763 1575 causi

82 1596 199 1652 audiore
222 1590 339 1653 Chaerei
369 1594 471 1664 moti,
497 1593 598 1673 quibus
630 1594 762 1658 Romana

82 1676 171 1734 virtus
188 1676 296 1743 inerat,
313 1671 391 1733 tanti
408 1675 528 1755 pernicie
546 1674 777 1755 Rempublicam

84 1751 217 1815 confosso
231 1775 266 1812 eo
279 1755 370 1814 levate
385 1776 393 1811 z
411 1755 609 1835 praelatumque
627 1757 765 1817 excellens

82 1836 162 1895 Bruti
187 1834 296 1896 facinus
319 1838 408 1913 ejedio
428 1835 587 1915 Tarquinio
611 1833 717 1904 foret,
739 1839 764 1896 si

82 1937 131 1998 per
149 1916 276 1992 Quirites
296 1914 384 1975 modb
398 1917 500 1974 militia
516 1935 690 1975 exerceretur.
701 1917 764 1974 Ve-

82 1998 147 2057 nim
166 1997 217 2056 ubi
237 1998 311 2057 cives
327 1994 432 2058 desidia
449 2015 595 2065 externos,
614 1996 764 2057 barbaros·

81 2099 138 2160 que
163 2080 193 2136 in
215 2079 365 2136 exercitum
392 2098 491 2159 cogere
513 2076 603 2136 libido
625 2078 765 2150 incessit3

85 2160 226 2237 corruptis
243 2159 366 2218 moribus
384 2158 495 2218 libertas
511 2155 657 2239 oppreffa,
680 2178 708 2221 at
729 2181 765 2218 ue

83 2237 214 2300 habendi
231 2242 344 2298 audium
352 2236 483 2299 studium.
500 2239 616 2298 Interim
630 2239 697 2299 dum
709 2182 765 2300 (he-

82 2319 170 2381 natirs
195 2319 306 2379 decreto
335 2338 447 2404 gentem
478 2317 651 2390 Caesamm,
678 2323 764 2380 etiam

83 2400 233 2462 muliebris
246 2399 325 2460 sextis
335 2446 345 2470 ,
356 2421 527 2481 omnemque
541 2401 703 2461 affinitatem
718 2422 765 2459 ar·
794 2424 813 2437 .

67 2485 160 2543 ,mati
178 2479 399 2563 persequuntur,
420 2481 492 2541 forte
507 2502 576 2541 unus
596 2499 672 2540 ortus
687 2479 766 2560 Epiri

83 2563 101 2622 h
119 2558 310 2632 cohortibus,
331 2583 392 2643 quae
407 2563 547 2623 Palatium
566 2580 613 2639 per
629 2580 766 2641 opportu-

83 2666 138 2704 nos
153 2644 236 2702 locos
255 2642 442 2714 obsidebant,
461 2642 530 2701 Tib.
547 2639 700 2701 Claudium
718 2664 766 2701 oc-

50 2771 52 2777 .
84 2727 243 2785 cultantem
263 2722 292 2783 se
311 2728 409 2805 reperit
427 2723 547 2784 deformi
562 2721 686 2793 latebris,
701 2744 767 2803 pro-

83 2808 237 2887 tracioque
262 2825 323 2877 eo,
343 2807 482 2867 exclamat
503 2804 577 2888 apud
595 2801 712 2878 socios,
737 2806 767 2864 Si

584 2885 649 2947 Kv
