2056 3628
257 284 298 353 52
424 262 774 332 Eurnorrr-

253 384 343 464 egit,
378 401 448 441 xiv.
473 403 550 442 anno
576 380 724 465 postquim
754 378 877 464 priorem
906 386 943 447 de

253 462 352 523 Africa
374 483 476 545 egerat.

293 543 361 605 XX.
376 546 493 605 Motum
512 547 625 605 interim
645 547 675 605 in
692 543 763 606 Asici
776 546 883 607 bellum
901 549 944 609 est

252 626 290 686 ab
301 623 463 686 Aristonico
475 672 485 698 ,
497 627 633 688 Eumenis
646 626 727 699 filio,
747 631 798 709 qui
817 650 850 688 ex
868 652 944 691 con-

254 705 357 769 crtbinit
375 705 516 788 susceptus
538 708 637 768 fuerat.
659 709 687 769 Is
707 709 850 771 Eumenes
874 710 943 772 fta-

253 807 295 849 ter
305 789 395 851 Attali
407 788 505 850 fuerat.
518 787 660 850 Adversus
669 811 734 851 eum
749 788 844 851 missus
855 792 940 854 Pon-

254 869 324 933 tifex
344 872 375 932 P.
395 873 522 932 Licinius
546 868 685 943 Crassus,
703 869 805 932 habuit
825 871 943 937 infinita

252 972 353 1033 regum
387 954 490 1012 auxilia
529 977 536 1015 r
566 974 634 1013 nam
668 962 696 1013 δι
722 951 862 1033 Bithynia
889 977 945 1019 rex

251 1033 427 1095 Nicomedes
441 1034 589 1095 Romanos
604 1036 696 1113 juvit3
713 1032 941 1105 &Mithridates

254 1115 409 1187 Ponticus,
427 1138 492 1175 cum
510 1138 568 1197 quo
589 1115 684 1197 postea
701 1115 806 1175 bellum
829 1121 944 1200 gravis-

255 1199 359 1257 simum
382 1197 453 1269 fuit3
479 1207 506 1257 &
528 1195 690 1258 Ariarathes
712 1197 892 1279 Cappad013
911 1208 942 1260 &

254 1278 427 1358 Pylaemenes
451 1275 629 1362 Paphlagon.
651 1280 752 1340 Vislus
779 1278 818 1338 est
841 1298 942 1343 tamen

256 1358 369 1420 Crassus
380 1363 410 1420 in
423 1362 517 1441 praelio
529 1405 540 1432 ,
554 1369 582 1422 &
592 1359 753 1421 interfesius
764 1383 772 1419 ε
785 1380 868 1439 caput
878 1367 940 1440 ejus

253 1440 415 1501 Aristonico
436 1442 565 1502 oblatum
592 1441 652 1514 est3
683 1462 782 1522 corpus
810 1441 940 1522 Smyrnae

254 1520 403 1602 sepultum.
430 1520 529 1583 Postea
556 1523 701 1603 Perpenna
729 1520 841 1584 Consul
869 1524 938 1583 Ro*-

254 1624 377 1674 manus,
404 1606 454 1685 qui
488 1601 623 1664 successor
651 1600 751 1666 Crasso
782 1604 940 1678 veniebat,

151 1751 154 1755 ,
255 1685 351 1746 auditi
369 1686 435 1745 belli
452 1685 586 1757 fortuni,
604 1685 640 1745 ad
659 1688 760 1746 Asiam
780 1686 910 1746 celeravit
929 1711 939 1747 t

255 1775 284 1830 &
300 1770 360 1844 acie
377 1770 484 1827 visium
500 1765 712 1839 Aristonicum,
732 1766 807 1848 apud
826 1768 940 1828 Strato*

218 1912 220 1915 ,
253 1851 338 1911 nicen
363 1851 527 1920 civitatem,
552 1848 611 1930 qui>
635 1848 766 1930 fugerat,
796 1848 873 1909 fame
901 1849 941 1910 ad
1018 1896 1019 1899 ,

257 1930 431 1991 deditionem
452 1930 597 2009 compulit.
617 1926 790 1990 Aristonicus
803 1927 872 2010 jussu
891 1931 943 1990 Se-

255 2012 337 2074 natirs
350 2017 361 2090 [
376 2013 499 2089 Roma]
519 2014 548 2071 in
560 2032 667 2071 carcere
677 2010 864 2094 strangulatus
878 2009 939 2071 est:
1016 2084 1017 2091 ἵ

256 2091 423 2174 triumphari
439 2095 516 2154 enim
537 2092 572 2152 de
593 2114 628 2152 eo
644 2116 704 2153 non
722 2111 851 2174 poterat,
869 2095 942 2173 quia
1015 2134 1016 2159 r

253 2174 399 2255 Perpenna
423 2173 498 2256 apud
525 2175 718 2258 Pergamum,
741 2174 870 2235 Romam
895 2195 943 2233 te·

254 2256 354 2328 diens,
377 2258 454 2319 diem
475 2256 593 2319 obierat.

294 2339 376 2401 XXI.
398 2341 488 2398 Lucio
508 2338 627 2400 Caecilio
639 2338 792 2412 Metello,
815 2346 843 2398 &
864 2335 941 2397 Tito

251 2423 375 2500 Quintio
391 2421 553 2482 Flaminino
569 2419 760 2492 Consulibus,
779 2416 938 2502 Carthago

250 2506 281 2564 in
303 2501 402 2564 Africi
419 2500 490 2582 jussu
505 2500 623 2563 Senatus
644 2522 768 2582 reparata
788 2499 854 2570 est,
876 2521 942 2582 quat

251 2608 327 2648 nunc
342 2604 437 2657 manet
443 2608 453 2656 3
473 2587 553 2646 annis
571 2583 680 2642 duobus
695 2593 722 2644 &
738 2584 842 2665 viginti
859 2579 944 2661 post-

252 2667 339 2748 quim
367 2666 385 2728 ὲ
408 2668 541 2747 Scipione
566 2664 655 2725 fuerat
677 2661 779 2745 eversa.
811 2662 942 2723 Dedusii

252 2748 288 2809 εὸ
314 2747 377 2807 sunt
397 2751 470 2808 cives
486 2748 621 2808 Romani.

293 2830 392 2890 XXII.
412 2829 499 2891 Anno
513 2851 533 2891 u
543 2852 560 2890 c
571 2849 591 2887 x
601 2849 620 2888 x
631 2849 648 2888 v
659 2850 699 2889 11.
715 2829 751 2890 ab
768 2825 851 2888 Urbe
866 2848 940 2886 cou-
