<?xml version="1.0" encoding="UTF-8"?>
<!DOCTYPE html PUBLIC "-//W3C//DTD XHTML 1.0 Transitional//EN"
    "http://www.w3.org/TR/xhtml1/DTD/xhtml1-transitional.dtd">
<html xmlns="http://www.w3.org/1999/xhtml" xml:lang="en" lang="en">
 <head>
  <title>
</title>
<meta http-equiv="Content-Type" content="text/html;charset=utf-8" />
  <meta name='ocr-system' content='tesseract 3.04.00' />
  <meta name='ocr-capabilities' content='ocr_page ocr_carea ocr_par ocr_line ocrx_word'/>
</head>
<body>
  <div class='ocr_page' id='page_1' title='image "./eutropiisextaur01victgoog_0212.png"; bbox 0 0 1982 3614; ppageno 0'>
   <div class='ocr_carea' id='block_1_1' title="bbox 169 241 767 349">
    <p class='ocr_par' dir='ltr' id='par_1_1' title="bbox 169 241 767 349">
     <span class='ocr_line' id='line_1_1' title="bbox 169 241 767 349; baseline 0.003 -24"><span class='ocrx_word' id='word_1_1' title='bbox 169 274 225 326; x_wconf 73' lang='lat' dir='ltr'>nn</span> <span class='ocrx_word' id='word_1_2' title='bbox 245 241 364 329; x_wconf 75' lang='lat' dir='ltr'>Vrnm</span> <span class='ocrx_word' id='word_1_3' title='bbox 381 275 671 330; x_wconf 74' lang='lat' dir='ltr'>rrruornrnun.</span> <span class='ocrx_word' id='word_1_4' title='bbox 702 284 767 349; x_wconf 80' lang='lat'>199</span> 
     </span>
    </p>
   </div>
   <div class='ocr_carea' id='block_1_2' title="bbox 85 377 874 2948">
    <p class='ocr_par' dir='ltr' id='par_1_2' title="bbox 85 377 874 1569">
     <span class='ocr_line' id='line_1_2' title="bbox 86 377 770 459; baseline 0.004 -23"><span class='ocrx_word' id='word_1_5' title='bbox 86 398 157 442; x_wconf 82' lang='lat' dir='ltr'>cano</span> <span class='ocrx_word' id='word_1_6' title='bbox 177 378 348 458; x_wconf 88' lang='lat' dir='ltr'>adoptatus,</span> <span class='ocrx_word' id='word_1_7' title='bbox 370 380 401 438; x_wconf 91' lang='lat' dir='ltr'>in</span> <span class='ocrx_word' id='word_1_8' title='bbox 419 377 595 439; x_wconf 76' lang='lat' dir='ltr'>Macedonid</span> <span class='ocrx_word' id='word_1_9' title='bbox 613 398 677 441; x_wconf 88' lang='lat' dir='ltr'>cum</span> <span class='ocrx_word' id='word_1_10' title='bbox 692 398 770 459; x_wconf 79' lang='lat' dir='ltr'>patre</span> 
     </span>
     <span class='ocr_line' id='line_1_3' title="bbox 86 457 781 542; baseline -0.001 -24"><span class='ocrx_word' id='word_1_11' title='bbox 86 480 192 542; x_wconf 84' lang='lat' dir='ltr'>agens,</span> <span class='ocrx_word' id='word_1_12' title='bbox 207 461 314 519; x_wconf 67' lang='lat' dir='ltr'>vitrum</span> <span class='ocrx_word' id='word_1_13' title='bbox 327 457 429 519; x_wconf 81' lang='lat' dir='ltr'><strong>Persen</strong></span> <span class='ocrx_word' id='word_1_14' title='bbox 443 479 503 520; x_wconf 84' lang='lat' dir='ltr'>ram</span> <span class='ocrx_word' id='word_1_15' title='bbox 515 461 692 540; x_wconf 75' lang='lat' dir='ltr'>pertinaciter</span> <span class='ocrx_word' id='word_1_16' title='bbox 704 482 781 539; x_wconf 86' lang='lat' dir='ltr'>per—.</span> 
     </span>
     <span class='ocr_line' id='line_1_4' title="bbox 85 536 767 609; baseline 0.003 -10"><span class='ocrx_word' id='word_1_17' title='bbox 85 536 193 600; x_wconf 89' lang='lat' dir='ltr'>secutus</span> <span class='ocrx_word' id='word_1_18' title='bbox 206 537 245 598; x_wconf 87' lang='lat' dir='ltr'>est</span> <span class='ocrx_word' id='word_1_19' title='bbox 257 586 268 609; x_wconf 88' lang='lat'>,</span> <span class='ocrx_word' id='word_1_20' title='bbox 281 560 311 599; x_wconf 90' lang='lat' dir='ltr'>ut</span> <span class='ocrx_word' id='word_1_21' title='bbox 322 539 416 600; x_wconf 65' lang='lat' dir='ltr'>medii</span> <span class='ocrx_word' id='word_1_22' title='bbox 425 545 509 602; x_wconf 70' lang='lat' dir='ltr'>nodie</span> <span class='ocrx_word' id='word_1_23' title='bbox 520 545 557 603; x_wconf 85' lang='lat' dir='ltr'>-in</span> <span class='ocrx_word' id='word_1_24' title='bbox 568 539 657 602; x_wconf 73' lang='lat' dir='ltr'>eastra</span> <span class='ocrx_word' id='word_1_25' title='bbox 670 541 767 601; x_wconf 88' lang='lat' dir='ltr'>redie-</span> 
     </span>
     <span class='ocr_line' id='line_1_5' title="bbox 85 616 769 705; baseline 0.006 -26"><span class='ocrx_word' id='word_1_26' title='bbox 85 622 128 680; x_wconf 89' lang='lat' dir='ltr'>rit.</span> <span class='ocrx_word' id='word_1_27' title='bbox 142 620 264 680; x_wconf 89' lang='lat' dir='ltr'>Lucullo</span> <span class='ocrx_word' id='word_1_28' title='bbox 281 623 311 681; x_wconf 87' lang='lat' dir='ltr'>in</span> <span class='ocrx_word' id='word_1_29' title='bbox 327 616 467 703; x_wconf 77' lang='lat' dir='ltr'>Hispaniai</span> <span class='ocrx_word' id='word_1_30' title='bbox 484 623 612 705; x_wconf 82' lang='lat' dir='ltr'>legatus,</span> <span class='ocrx_word' id='word_1_31' title='bbox 629 622 704 703; x_wconf 76' lang='lat' dir='ltr'>apud</span> <span class='ocrx_word' id='word_1_32' title='bbox 717 623 769 683; x_wconf 90' lang='lat' dir='ltr'>In-</span> 
     </span>
     <span class='ocr_line' id='line_1_6' title="bbox 86 701 769 786; baseline 0.007 -26"><span class='ocrx_word' id='word_1_33' title='bbox 86 702 232 762; x_wconf 86' lang='lat' dir='ltr'>tercatiam</span> <span class='ocrx_word' id='word_1_34' title='bbox 247 701 384 783; x_wconf 88' lang='lat' dir='ltr'>oppidum</span> <span class='ocrx_word' id='word_1_35' title='bbox 422 722 617 764; x_wconf 85' lang='lat' dir='ltr'>rovocatorem</span> <span class='ocrx_word' id='word_1_36' title='bbox 633 704 769 786; x_wconf 75' lang='lat' dir='ltr'>singulari</span> 
     </span>
     <span class='ocr_line' id='line_1_7' title="bbox 86 781 769 865; baseline 0.006 -24"><span class='ocrx_word' id='word_1_37' title='bbox 86 783 183 863; x_wconf 82' lang='lat' dir='ltr'>praelio</span> <span class='ocrx_word' id='word_1_38' title='bbox 202 783 278 843; x_wconf 86' lang='lat' dir='ltr'>vicit.</span> <span class='ocrx_word' id='word_1_39' title='bbox 292 783 393 842; x_wconf 88' lang='lat' dir='ltr'>Muros</span> <span class='ocrx_word' id='word_1_40' title='bbox 447 781 515 844; x_wconf 87' lang='lat' dir='ltr'>stilis</span> <span class='ocrx_word' id='word_1_41' title='bbox 527 785 649 845; x_wconf 81' lang='lat' dir='ltr'>civitatis</span> <span class='ocrx_word' id='word_1_42' title='bbox 662 787 769 865; x_wconf 78' lang='lat' dir='ltr'>primus</span> 
     </span>
     <span class='ocr_line' id='line_1_8' title="bbox 86 860 810 926; baseline 0.004 -3"><span class='ocrx_word' id='word_1_43' title='bbox 86 861 220 923; x_wconf 86' lang='lat' dir='ltr'>ascendit.</span> <span class='ocrx_word' id='word_1_44' title='bbox 249 860 392 924; x_wconf 83' lang='lat' dir='ltr'>Tribunus</span> <span class='ocrx_word' id='word_1_45' title='bbox 413 866 443 925; x_wconf 92' lang='lat' dir='ltr'>in</span> <span class='ocrx_word' id='word_1_46' title='bbox 457 863 555 925; x_wconf 63' lang='lat' dir='ltr'>Africa</span> <span class='ocrx_word' id='word_1_47' title='bbox 575 864 627 925; x_wconf 89' lang='lat' dir='ltr'>sub</span> <span class='ocrx_word' id='word_1_48' title='bbox 643 866 689 926; x_wconf 90' lang='lat' dir='ltr'>M.</span> <span class='ocrx_word' id='word_1_49' title='bbox 703 867 770 926; x_wconf 88' lang='lat' dir='ltr'>Ma·</span> <span class='ocrx_word' id='word_1_50' title='bbox 806 880 810 887; x_wconf 90' lang='lat'>&#39;</span> 
     </span>
     <span class='ocr_line' id='line_1_9' title="bbox 86 941 768 1023; baseline 0.003 -19"><span class='ocrx_word' id='word_1_51' title='bbox 86 945 156 1004; x_wconf 85' lang='lat' dir='ltr'>uilio</span> <span class='ocrx_word' id='word_1_52' title='bbox 173 947 367 1023; x_wconf 84' lang='lat' dir='ltr'>imperatore,</span> <span class='ocrx_word' id='word_1_53' title='bbox 386 941 515 1008; x_wconf 83' lang='lat' dir='ltr'>cohortes</span> <span class='ocrx_word' id='word_1_54' title='bbox 532 949 602 1006; x_wconf 75' lang='grc' dir='ltr'>οᾶσ</span> <span class='ocrx_word' id='word_1_55' title='bbox 619 946 768 1007; x_wconf 76' lang='lat' dir='ltr'>obsidione</span> 
     </span>
     <span class='ocr_line' id='line_1_10' title="bbox 87 1017 769 1107; baseline 0.006 -24"><span class='ocrx_word' id='word_1_56' title='bbox 87 1026 206 1085; x_wconf 73' lang='lat' dir='ltr'>vallatas</span> <span class='ocrx_word' id='word_1_57' title='bbox 224 1017 343 1084; x_wconf 66' lang='lat' dir='ltr'>consilio</span> <span class='ocrx_word' id='word_1_58' title='bbox 356 1035 384 1085; x_wconf 89' lang='lat'>&amp;</span> <span class='ocrx_word' id='word_1_59' title='bbox 400 1028 501 1086; x_wconf 80' lang='lat' dir='ltr'>virtute</span> <span class='ocrx_word' id='word_1_60' title='bbox 517 1023 637 1087; x_wconf 77' lang='lat' dir='ltr'>servavit</span> <span class='ocrx_word' id='word_1_61' title='bbox 647 1024 690 1099; x_wconf 79' lang='lat' dir='ltr'>‚it</span> <span class='ocrx_word' id='word_1_62' title='bbox 705 1030 769 1107; x_wconf 90' lang='lat' dir='ltr'>qui·</span> 
     </span>
     <span class='ocr_line' id='line_1_11' title="bbox 86 1103 770 1169; baseline 0.006 -4"><span class='ocrx_word' id='word_1_63' title='bbox 86 1104 138 1165; x_wconf 86' lang='lat' dir='ltr'>bus</span> <span class='ocrx_word' id='word_1_64' title='bbox 152 1103 259 1166; x_wconf 65' lang='lat' dir='ltr'>coronio</span> <span class='ocrx_word' id='word_1_65' title='bbox 266 1104 442 1167; x_wconf 85' lang='lat' dir='ltr'>obsidionali</span> <span class='ocrx_word' id='word_1_66' title='bbox 455 1105 537 1167; x_wconf 69' lang='lat' dir='ltr'>aurei</span> <span class='ocrx_word' id='word_1_67' title='bbox 545 1107 675 1167; x_wconf 74' lang='lat' dir='ltr'>donam.</span> <span class='ocrx_word' id='word_1_68' title='bbox 691 1106 770 1169; x_wconf 74' lang='lat' dir='ltr'>Cum</span> 
     </span>
     <span class='ocr_line' id='line_1_12' title="bbox 86 1182 771 1269; baseline 0 -21"><span class='ocrx_word' id='word_1_69' title='bbox 86 1182 270 1248; x_wconf 85' lang='lat' dir='ltr'>AEdilitarem</span> <span class='ocrx_word' id='word_1_70' title='bbox 283 1206 404 1269; x_wconf 86' lang='lat' dir='ltr'>peteret,</span> <span class='ocrx_word' id='word_1_71' title='bbox 418 1185 531 1249; x_wconf 79' lang='lat' dir='ltr'>consur</span> <span class='ocrx_word' id='word_1_72' title='bbox 544 1207 711 1263; x_wconf 69' lang='lat' dir='ltr'>anteatinus</span> <span class='ocrx_word' id='word_1_73' title='bbox 725 1190 771 1248; x_wconf 85' lang='lat' dir='ltr'>ul·</span> 
     </span>
     <span class='ocr_line' id='line_1_13' title="bbox 87 1264 770 1352; baseline 0.007 -26"><span class='ocrx_word' id='word_1_74' title='bbox 87 1264 131 1326; x_wconf 80' lang='lat' dir='ltr'>rrd</span> <span class='ocrx_word' id='word_1_75' title='bbox 149 1265 245 1327; x_wconf 75' lang='lat' dir='ltr'>fedius</span> <span class='ocrx_word' id='word_1_76' title='bbox 253 1313 267 1337; x_wconf 68' lang='lat'>‚,</span> <span class='ocrx_word' id='word_1_77' title='bbox 282 1264 490 1352; x_wconf 74' lang='lat' dir='ltr'>Carthaginem</span> <span class='ocrx_word' id='word_1_78' title='bbox 505 1271 580 1329; x_wconf 81' lang='lat' dir='ltr'>intra</span> <span class='ocrx_word' id='word_1_79' title='bbox 591 1266 641 1333; x_wconf 78' lang='lat' dir='ltr'>sex</span> <span class='ocrx_word' id='word_1_80' title='bbox 658 1267 770 1331; x_wconf 83' lang='lat' dir='ltr'>menses</span> 
     </span>
     <span class='ocr_line' id='line_1_14' title="bbox 87 1346 770 1430; baseline 0.007 -24"><span class='ocrx_word' id='word_1_81' title='bbox 87 1346 199 1425; x_wconf 85' lang='lat' dir='ltr'>delevit.</span> <span class='ocrx_word' id='word_1_82' title='bbox 217 1347 407 1409; x_wconf 79' lang='lat' dir='ltr'>Numantiam</span> <span class='ocrx_word' id='word_1_83' title='bbox 423 1350 454 1409; x_wconf 88' lang='lat' dir='ltr'>in</span> <span class='ocrx_word' id='word_1_84' title='bbox 468 1346 629 1430; x_wconf 70' lang='lat' dir='ltr'>Hispanid,</span> <span class='ocrx_word' id='word_1_85' title='bbox 647 1349 770 1411; x_wconf 68' lang='lat' dir='ltr'>torredid</span> 
     </span>
     <span class='ocr_line' id='line_1_15' title="bbox 85 1420 874 1569; baseline 0.006 -81"><span class='ocrx_word' id='word_1_86' title='bbox 85 1430 162 1569; x_wconf 57' lang='lat' dir='ltr'>ppius</span> <span class='ocrx_word' id='word_1_87' title='bbox 175 1430 300 1489; x_wconf 81' lang='lat' dir='ltr'>miiitum</span> <span class='ocrx_word' id='word_1_88' title='bbox 310 1428 478 1510; x_wconf 69' lang='lat' dir='ltr'>disciplind,</span> <span class='ocrx_word' id='word_1_89' title='bbox 499 1420 576 1491; x_wconf 74' lang='lat' dir='ltr'>fame</span> <span class='ocrx_word' id='word_1_90' title='bbox 592 1432 662 1491; x_wconf 78' lang='lat' dir='ltr'>vicit</span> <span class='ocrx_word' id='word_1_91' title='bbox 680 1455 686 1488; x_wconf 93' lang='lat'><strong>:</strong></span> <span class='ocrx_word' id='word_1_92' title='bbox 702 1428 769 1492; x_wconf 88' lang='lat' dir='ltr'>hinc</span> <span class='ocrx_word' id='word_1_93' title='bbox 869 1422 874 1435; x_wconf 78' lang='grc'><em>’</em></span> 
     </span>
    </p>

    <p class='ocr_par' dir='ltr' id='par_1_3' title="bbox 86 1508 772 2722">
     <span class='ocr_line' id='line_1_16' title="bbox 119 1508 769 1593; baseline 0.009 -24"><span class='ocrx_word' id='word_1_94' title='bbox 119 1511 291 1570; x_wconf 82' lang='lat' dir='ltr'>umentinut.</span> <span class='ocrx_word' id='word_1_95' title='bbox 317 1508 393 1572; x_wconf 77' lang='lat' dir='ltr'>Caio</span> <span class='ocrx_word' id='word_1_96' title='bbox 411 1511 500 1572; x_wconf 78' lang='lat' dir='ltr'>Laelio</span> <span class='ocrx_word' id='word_1_97' title='bbox 521 1510 672 1593; x_wconf 81' lang='lat' dir='ltr'>phuimdm</span> <span class='ocrx_word' id='word_1_98' title='bbox 694 1510 769 1584; x_wconf 81' lang='lat' dir='ltr'>usus.</span> 
     </span>
     <span class='ocr_line' id='line_1_17' title="bbox 87 1588 768 1674; baseline 0.001 -23"><span class='ocrx_word' id='word_1_99' title='bbox 87 1590 134 1651; x_wconf 75' lang='lat' dir='ltr'>nd</span> <span class='ocrx_word' id='word_1_100' title='bbox 154 1588 249 1674; x_wconf 85' lang='lat' dir='ltr'>Reges</span> <span class='ocrx_word' id='word_1_101' title='bbox 266 1588 411 1651; x_wconf 83' lang='lat' dir='ltr'>adeundos</span> <span class='ocrx_word' id='word_1_102' title='bbox 431 1589 526 1652; x_wconf 77' lang='lat' dir='ltr'>missus</span> <span class='ocrx_word' id='word_1_103' title='bbox 535 1637 547 1664; x_wconf 85' lang='lat'><strong>,</strong></span> <span class='ocrx_word' id='word_1_104' title='bbox 563 1592 635 1653; x_wconf 83' lang='lat' dir='ltr'>duos</span> <span class='ocrx_word' id='word_1_105' title='bbox 652 1591 768 1666; x_wconf 83' lang='lat' dir='ltr'>secum,</span> 
     </span>
     <span class='ocr_line' id='line_1_18' title="bbox 86 1669 770 1757; baseline 0.007 -27"><span class='ocrx_word' id='word_1_106' title='bbox 86 1689 186 1752; x_wconf 77' lang='lat' dir='ltr'>praerer</span> <span class='ocrx_word' id='word_1_107' title='bbox 206 1693 296 1744; x_wconf 88' lang='lat' dir='ltr'>eum,</span> <span class='ocrx_word' id='word_1_108' title='bbox 315 1669 410 1733; x_wconf 81' lang='lat' dir='ltr'>servos</span> <span class='ocrx_word' id='word_1_109' title='bbox 431 1673 519 1734; x_wconf 81' lang='lat' dir='ltr'>duxit.</span> <span class='ocrx_word' id='word_1_110' title='bbox 539 1673 592 1733; x_wconf 86' lang='lat' dir='ltr'>Ob</span> <span class='ocrx_word' id='word_1_111' title='bbox 614 1695 657 1734; x_wconf 85' lang='lat' dir='ltr'>res</span> <span class='ocrx_word' id='word_1_112' title='bbox 678 1672 770 1757; x_wconf 83' lang='lat' dir='ltr'>gestas</span> 
     </span>
     <span class='ocr_line' id='line_1_19' title="bbox 87 1750 771 1833; baseline 0.007 -23"><span class='ocrx_word' id='word_1_113' title='bbox 87 1750 237 1833; x_wconf 88' lang='lat' dir='ltr'>superbus,</span> <span class='ocrx_word' id='word_1_114' title='bbox 249 1751 413 1814; x_wconf 85' lang='lat' dir='ltr'>Gracchum</span> <span class='ocrx_word' id='word_1_115' title='bbox 426 1759 485 1832; x_wconf 92' lang='lat' dir='ltr'>jure</span> <span class='ocrx_word' id='word_1_116' title='bbox 495 1752 599 1814; x_wconf 75' lang='lat' dir='ltr'>caesum</span> <span class='ocrx_word' id='word_1_117' title='bbox 611 1754 701 1815; x_wconf 77' lang='lat' dir='ltr'>uideri</span> <span class='ocrx_word' id='word_1_118' title='bbox 716 1753 771 1815; x_wconf 85' lang='lat' dir='ltr'>res·</span> 
     </span>
     <span class='ocr_line' id='line_1_20' title="bbox 88 1830 772 1921; baseline 0.004 -29"><span class='ocrx_word' id='word_1_119' title='bbox 88 1833 210 1921; x_wconf 70' lang='lat' dir='ltr'>pondit‚</span> <span class='ocrx_word' id='word_1_120' title='bbox 229 1833 544 1915; x_wconf 72' lang='lat' dir='ltr'>obihepemepopulo:</span> <span class='ocrx_word' id='word_1_121' title='bbox 562 1830 715 1906; x_wconf 77' lang='lat' dir='ltr'>Tamum,</span> <span class='ocrx_word' id='word_1_122' title='bbox 729 1838 772 1895; x_wconf 87' lang='lat' dir='ltr'>in·</span> 
     </span>
     <span class='ocr_line' id='line_1_21' title="bbox 88 1910 768 1996; baseline -0.003 -22"><span class='ocrx_word' id='word_1_123' title='bbox 88 1916 165 1995; x_wconf 84' lang='lat' dir='ltr'>quit,</span> <span class='ocrx_word' id='word_1_124' title='bbox 177 1914 280 1996; x_wconf 91' lang='lat' dir='ltr'>quibus</span> <span class='ocrx_word' id='word_1_125' title='bbox 292 1910 376 1977; x_wconf 79' lang='lat' dir='ltr'>Italia</span> <span class='ocrx_word' id='word_1_126' title='bbox 384 1937 507 1975; x_wconf 85' lang='lat' dir='ltr'>noverca</span> <span class='ocrx_word' id='word_1_127' title='bbox 515 1960 527 1985; x_wconf 90' lang='lat'>,</span> <span class='ocrx_word' id='word_1_128' title='bbox 536 1936 598 1974; x_wconf 83' lang='lat' dir='ltr'>mon</span> <span class='ocrx_word' id='word_1_129' title='bbox 609 1934 697 1975; x_wconf 83' lang='lat' dir='ltr'>mater</span> <span class='ocrx_word' id='word_1_130' title='bbox 706 1913 768 1986; x_wconf 58' lang='lat' dir='ltr'>osta</span> 
     </span>
     <span class='ocr_line' id='line_1_22' title="bbox 88 1993 770 2080; baseline 0.003 -24"><span class='ocrx_word' id='word_1_131' title='bbox 88 1994 238 2057; x_wconf 85' lang='lat' dir='ltr'>&amp;addidit</span> <span class='ocrx_word' id='word_1_132' title='bbox 251 2020 262 2054; x_wconf 70' lang='grc' dir='ltr'>,ε</span> <span class='ocrx_word' id='word_1_133' title='bbox 283 1996 365 2073; x_wconf 82' lang='lat' dir='ltr'>Quos</span> <span class='ocrx_word' id='word_1_134' title='bbox 379 2018 434 2080; x_wconf 87' lang='lat' dir='ltr'>ego</span> <span class='ocrx_word' id='word_1_135' title='bbox 456 1993 508 2057; x_wconf 87' lang='lat' dir='ltr'>sub</span> <span class='ocrx_word' id='word_1_136' title='bbox 520 1993 628 2055; x_wconf 70' lang='lat' dir='ltr'>euroni</span> <span class='ocrx_word' id='word_1_137' title='bbox 644 1995 770 2058; x_wconf 68' lang='lat' dir='ltr'>vendidi.</span> 
     </span>
     <span class='ocr_line' id='line_1_23' title="bbox 87 2073 770 2161; baseline 0 -24"><span class='ocrx_word' id='word_1_138' title='bbox 87 2075 229 2148; x_wconf 83' lang='lat' dir='ltr'>Censor,</span> <span class='ocrx_word' id='word_1_139' title='bbox 251 2075 399 2137; x_wconf 85' lang='lat' dir='ltr'>Mummio</span> <span class='ocrx_word' id='word_1_140' title='bbox 426 2073 536 2161; x_wconf 71' lang='lat' dir='ltr'>eollegd</span> <span class='ocrx_word' id='word_1_141' title='bbox 556 2074 714 2161; x_wconf 84' lang='lat' dir='ltr'>segniore,</span> <span class='ocrx_word' id='word_1_142' title='bbox 739 2079 770 2143; x_wconf 89' lang='lat' dir='ltr'>in</span> 
     </span>
     <span class='ocr_line' id='line_1_24' title="bbox 88 2156 771 2229; baseline 0.001 -12"><span class='ocrx_word' id='word_1_143' title='bbox 88 2157 194 2218; x_wconf 82' lang='lat' dir='ltr'>Senatu</span> <span class='ocrx_word' id='word_1_144' title='bbox 207 2158 248 2218; x_wconf 84' lang='lat' dir='ltr'>ait</span> <span class='ocrx_word' id='word_1_145' title='bbox 260 2203 271 2229; x_wconf 83' lang='lat'><strong>,</strong></span> <span class='ocrx_word' id='word_1_146' title='bbox 282 2157 404 2219; x_wconf 89' lang='lat' dir='ltr'>Utinam</span> <span class='ocrx_word' id='word_1_147' title='bbox 418 2156 490 2217; x_wconf 86' lang='lat' dir='ltr'>mihi</span> <span class='ocrx_word' id='word_1_148' title='bbox 505 2180 538 2217; x_wconf 91' lang='lat' dir='ltr'>co</span> <span class='ocrx_word' id='word_1_149' title='bbox 597 2177 706 2218; x_wconf 85' lang='lat' dir='ltr'>amant</span> <span class='ocrx_word' id='word_1_150' title='bbox 720 2159 771 2218; x_wconf 87' lang='lat' dir='ltr'>de-</span> 
     </span>
     <span class='ocr_line' id='line_1_25' title="bbox 87 2235 770 2322; baseline 0.004 -25"><span class='ocrx_word' id='word_1_151' title='bbox 87 2235 208 2309; x_wconf 71' lang='lat' dir='ltr'>disseris,</span> <span class='ocrx_word' id='word_1_152' title='bbox 226 2257 348 2298; x_wconf 90' lang='lat' dir='ltr'>autnon</span> <span class='ocrx_word' id='word_1_153' title='bbox 365 2236 515 2299; x_wconf 71' lang='lat' dir='ltr'>dedissetis.</span> <span class='ocrx_word' id='word_1_154' title='bbox 531 2239 570 2299; x_wconf 84' lang='lat' dir='ltr'>Su</span> <span class='ocrx_word' id='word_1_155' title='bbox 584 2237 665 2319; x_wconf 64' lang='lat' dir='ltr'>copti</span> <span class='ocrx_word' id='word_1_156' title='bbox 675 2241 770 2322; x_wconf 76' lang='lat' dir='ltr'>Agra-</span> 
     </span>
     <span class='ocr_line' id='line_1_26' title="bbox 87 2316 768 2400; baseline 0.004 -23"><span class='ocrx_word' id='word_1_157' title='bbox 87 2318 195 2378; x_wconf 89' lang='lat' dir='ltr'>riorum</span> <span class='ocrx_word' id='word_1_158' title='bbox 214 2316 318 2390; x_wconf 62' lang='lat' dir='ltr'>causa,</span> <span class='ocrx_word' id='word_1_159' title='bbox 339 2319 419 2378; x_wconf 88' lang='lat' dir='ltr'>domi</span> <span class='ocrx_word' id='word_1_160' title='bbox 436 2319 547 2400; x_wconf 69' lang='lat' dir='ltr'>repente</span> <span class='ocrx_word' id='word_1_161' title='bbox 564 2322 700 2380; x_wconf 82' lang='lat' dir='ltr'>exanimis</span> <span class='ocrx_word' id='word_1_162' title='bbox 719 2323 768 2380; x_wconf 87' lang='lat' dir='ltr'>in-</span> 
     </span>
     <span class='ocr_line' id='line_1_27' title="bbox 87 2399 770 2482; baseline 0.004 -24"><span class='ocrx_word' id='word_1_163' title='bbox 87 2420 209 2470; x_wconf 86' lang='lat' dir='ltr'>ventus,</span> <span class='ocrx_word' id='word_1_164' title='bbox 229 2399 368 2460; x_wconf 88' lang='lat' dir='ltr'>obvoluto</span> <span class='ocrx_word' id='word_1_165' title='bbox 391 2404 481 2482; x_wconf 76' lang='lat' dir='ltr'>capim</span> <span class='ocrx_word' id='word_1_166' title='bbox 505 2401 592 2461; x_wconf 85' lang='lat' dir='ltr'>elatus</span> <span class='ocrx_word' id='word_1_167' title='bbox 612 2446 622 2472; x_wconf 92' lang='lat'>,</span> <span class='ocrx_word' id='word_1_168' title='bbox 639 2421 676 2459; x_wconf 89' lang='lat' dir='ltr'>ne</span> <span class='ocrx_word' id='word_1_169' title='bbox 697 2401 770 2461; x_wconf 89' lang='lat' dir='ltr'>livor</span> 
     </span>
     <span class='ocr_line' id='line_1_28' title="bbox 87 2479 770 2619; baseline 0.004 -81"><span class='ocrx_word' id='word_1_170' title='bbox 87 2480 117 2539; x_wconf 86' lang='lat' dir='ltr'>in</span> <span class='ocrx_word' id='word_1_171' title='bbox 137 2502 186 2539; x_wconf 92' lang='lat' dir='ltr'>ore</span> <span class='ocrx_word' id='word_1_172' title='bbox 205 2500 357 2619; x_wconf 59' lang='lat' dir='ltr'>appareret„</span> <span class='ocrx_word' id='word_1_173' title='bbox 372 2479 472 2560; x_wconf 82' lang='lat' dir='ltr'>Hujus</span> <span class='ocrx_word' id='word_1_174' title='bbox 491 2481 693 2561; x_wconf 81' lang='lat' dir='ltr'>patrimonium</span> <span class='ocrx_word' id='word_1_175' title='bbox 709 2500 770 2541; x_wconf 88' lang='lat' dir='ltr'>tam</span> 
     </span>
     <span class='ocr_line' id='line_1_29' title="bbox 87 2561 596 2644; baseline 0 -23"><span class='ocrx_word' id='word_1_176' title='bbox 87 2562 221 2644; x_wconf 87' lang='lat' dir='ltr'>exiguum</span> <span class='ocrx_word' id='word_1_177' title='bbox 592 2561 596 2567; x_wconf 79' lang='lat'>&#39;</span> 
     </span>
     <span class='ocr_line' id='line_1_30' title="bbox 86 2640 646 2722; baseline -0.004 -20"><span class='ocrx_word' id='word_1_178' title='bbox 86 2641 155 2702; x_wconf 80' lang='lat' dir='ltr'>duas</span> <span class='ocrx_word' id='word_1_179' title='bbox 176 2651 204 2705; x_wconf 68' lang='grc' dir='ltr'>ὃ(</span> <span class='ocrx_word' id='word_1_180' title='bbox 222 2640 395 2702; x_wconf 83' lang='lat' dir='ltr'>semilibram</span> <span class='ocrx_word' id='word_1_181' title='bbox 414 2645 477 2703; x_wconf 88' lang='lat' dir='ltr'>auri</span> <span class='ocrx_word' id='word_1_182' title='bbox 495 2641 646 2722; x_wconf 85' lang='lat' dir='ltr'>reliquerit.</span> 
     </span>
    </p>

    <p class='ocr_par' dir='ltr' id='par_1_4' title="bbox 85 2721 770 2946">
     <span class='ocr_line' id='line_1_31' title="bbox 125 2721 770 2790; baseline 0.003 -8"><span class='ocrx_word' id='word_1_183' title='bbox 125 2722 216 2783; x_wconf 87' lang='lat' dir='ltr'><strong>LIX.</strong></span> <span class='ocrx_word' id='word_1_184' title='bbox 238 2723 327 2783; x_wconf 87' lang='lat' dir='ltr'>Aulus</span> <span class='ocrx_word' id='word_1_185' title='bbox 342 2721 480 2784; x_wconf 84' lang='lat' dir='ltr'>Hostilius</span> <span class='ocrx_word' id='word_1_186' title='bbox 497 2724 651 2784; x_wconf 84' lang='lat' dir='ltr'>Mancinus</span> <span class='ocrx_word' id='word_1_187' title='bbox 667 2722 770 2790; x_wconf 67' lang='lat' dir='ltr'>Ptmor</span> 
     </span>
     <span class='ocr_line' id='line_1_32' title="bbox 85 2802 768 2946; baseline 0.006 -83"><span class='ocrx_word' id='word_1_188' title='bbox 85 2802 233 2866; x_wconf 73' lang='lat' dir='ltr'>adversum</span> <span class='ocrx_word' id='word_1_189' title='bbox 251 2803 446 2868; x_wconf 82' lang='lat' dir='ltr'>Numantinos</span> <span class='ocrx_word' id='word_1_190' title='bbox 464 2805 623 2946; x_wconf 65' lang='lat' dir='ltr'>vetantiblus</span> <span class='ocrx_word' id='word_1_191' title='bbox 645 2806 768 2877; x_wconf 82' lang='lat' dir='ltr'>avibus,</span> 
     </span>
    </p>

    <p class='ocr_par' dir='ltr' id='par_1_5' title="bbox 619 2905 648 2948">
     <span class='ocr_line' id='line_1_33' title="bbox 619 2905 648 2948; baseline 0.138 -4"><span class='ocrx_word' id='word_1_192' title='bbox 619 2905 648 2948; x_wconf 77' lang='grc' dir='ltr'><strong><em>Ν</em></strong></span> 
     </span>
    </p>
   </div>
   <div class='ocr_carea' id='block_1_3' title="bbox 0 0 997 3614">
    <p class='ocr_par' dir='ltr' id='par_1_6' title="bbox 0 0 997 3614">
     <span class='ocr_line' id='line_1_34' title="bbox 0 0 997 3614; baseline 0 0"><span class='ocrx_word' id='word_1_193' title='bbox 0 0 997 3614; x_wconf 95' lang='lat' dir='ltr'> </span> 
     </span>
    </p>
   </div>
   <div class='ocr_carea' id='block_1_4' title="bbox 252 2561 895 2644">
    <p class='ocr_par' dir='ltr' id='par_1_7' title="bbox 252 2561 895 2644">
     <span class='ocr_line' id='line_1_35' title="bbox 252 2561 895 2644; baseline 0 -24"><span class='ocrx_word' id='word_1_194' title='bbox 252 2564 313 2632; x_wconf 89' lang='lat' dir='ltr'>uit,</span> <span class='ocrx_word' id='word_1_195' title='bbox 333 2580 364 2620; x_wconf 94' lang='lat' dir='ltr'>ut</span> <span class='ocrx_word' id='word_1_196' title='bbox 383 2582 513 2621; x_wconf 79' lang='lat' dir='ltr'><strong>xxxu.</strong></span> <span class='ocrx_word' id='word_1_197' title='bbox 533 2561 618 2620; x_wconf 77' lang='lat' dir='ltr'>libras</span> <span class='ocrx_word' id='word_1_198' title='bbox 638 2564 769 2644; x_wconf 78' lang='lat' dir='ltr'>argenti,</span> <span class='ocrx_word' id='word_1_199' title='bbox 854 2585 856 2588; x_wconf 51' lang='lat'><em>⁴</em></span> <span class='ocrx_word' id='word_1_200' title='bbox 892 2576 895 2581; x_wconf 71' lang='lat'><strong><em>‘</em></strong></span> 
     </span>
    </p>
   </div>
  </div>
 </body>
</html>
