2010 3616
214 193 278 279 158
330 186 457 257 Auu.
487 144 761 257 Vicuonrs

211 308 416 390 separatimque
441 306 506 368 suos
526 309 761 388 appellaverunt,
786 308 908 372 Remus
994 380 995 387 ἵ

212 392 344 461 Fabios,
376 390 515 449 Romulus
544 390 699 466 Quintilios
723 437 733 459 ,
768 412 906 472 quorum
994 392 995 417 ¹

211 491 361 554 utrumque
380 493 487 531 nomen
505 473 659 531 etiamnum
676 475 707 531 in
728 470 815 532 sacris
837 495 907 534 ma-
994 472 995 529 ζ

213 574 269 614 net.
287 555 327 615 At
344 549 412 612 veti>
431 553 482 613 lib.
503 572 547 612 11.
566 551 776 613 Pontificalium
794 554 907 636 prodi·
994 624 995 627 Ἴ

212 653 277 705 tur,
299 631 395 694 millos
409 634 446 693 ab
461 635 601 704 Amulio,
620 638 670 715 qui
692 635 819 695 Remum
841 657 904 717 pe·

213 737 311 775 corum
328 713 473 796 pastorem·
485 713 675 787 attraherent,
691 715 756 775 cum
772 738 836 776 non
853 739 907 777 au-
994 768 995 775 ,

213 795 313 857 darent
330 800 357 857 ei
370 800 431 856 vim
448 793 563 868 afferre,
577 816 769 877 opportunum
785 817 906 939 temffus
994 784 995 873 l

214 880 270 939 sibi
280 878 317 937 ad
331 877 648 950 insidiandumnallos,
666 876 744 960 quod
758 898 821 938 tum
866 901 904 938 o-
994 906 995 955 j

215 960 309 1021 mulus
325 959 440 1031 aberat,
462 980 549 1043 genus
562 958 637 1020 lustis
653 958 792 1020 simuleille
804 1007 816 1029 ‚
837 963 905 1045 quij
994 978 995 1043 l

214 1064 283 1103 nam
307 1060 405 1101 eorum
420 1041 550 1101 manibus
567 1039 628 1121 post
645 1059 724 1124 terga
740 1042 838 1124 ligatis
862 1044 905 1101 la·
994 1068 995 1091 ι

215 1123 332 1218 pidem,
349 1143 407 1203 quo
428 1122 493 1182 lana
516 1124 647 1202 pensitari
664 1122 794 1194 solebat,
812 1144 901 1183 mor-

216 1203 294 1264 diciis
318 1200 479 1274 sublatum,
496 1223 582 1283 quam
600 1204 766 1286 longissime
787 1203 901 1284 perfer·
994 1238 995 1253 r

217 1304 260 1346 ret
275 1309 281 1341 :
296 1304 356 1344 tum
374 1285 499 1344 Remum
515 1281 619 1344 fiducia
635 1288 739 1346 virium
756 1288 786 1344 in
800 1286 902 1346 Aven-
994 1358 995 1361 Ἴ

216 1370 308 1426 tinum
335 1364 421 1446 usque
446 1365 474 1425 se
498 1360 667 1444 perlaturum
691 1364 869 1447 spopondiffe
889 1390 899 1437 3

217 1446 284 1506 dein
299 1445 447 1526 postquam
462 1449 563 1506 vinciri
576 1445 604 1505 se
617 1443 704 1527 pallus
715 1445 774 1517 est,
790 1447 900 1509 Albani

216 1525 395 1586 abstrastum.
410 1527 499 1604 Quod
508 1525 655 1609 postquam
668 1527 808 1588 Romulus
821 1550 901 1588 com-

218 1604 346 1689 perisset,
364 1606 462 1668 cnaei&
476 1606 619 1691 pastorum
637 1631 744 1678 manu,
763 1607 851 1692 eique
868 1612 900 1669 in

220 1685 662 1763 centenoshommesdilimbuti,
675 1692 898 1771 perticasmani-
994 1682 995 1733 l

219 1772 292 1851 pulis
307 1770 379 1831 foeni
396 1771 474 1832 varie
492 1770 621 1833 formatis
637 1774 667 1831 in
683 1770 796 1832 summo
812 1776 897 1851 junc-

175 1919 178 1923 .
220 1871 285 1923 tas,
304 1849 406 1913 dedille
419 1899 431 1923 ,
449 1851 509 1933 qui>
533 1854 642 1913 facilius
664 1872 699 1912 eo
717 1856 800 1935 signo
819 1851 899 1913 suum

221 1927 338 2014 quisque
362 1935 463 1994 ducem
484 1933 650 2015 sequeretur.
677 1934 763 1996 Unde
786 1932 897 1993 in'stitu-

221 2031 304 2083 tum,
323 2035 354 2073 ut
372 2013 466 2094 postea
482 2017 603 2087 milites,
621 2019 670 2096 qui
684 2013 810 2094 ejusdem
826 2017 899 2097 sigui

222 2090 330 2165 essent,
350 2095 541 2176 Manipulares
562 2095 727 2156 ilieerentur.
745 2097 843 2177 ltaque
861 2096 897 2177 ab

223 2194 258 2232 eo
281 2172 406 2255 oppreffo
425 2176 567 2248 Amulio,
588 2177 701 2237 fratrem
723 2178 840 2239 vinculis
859 2176 897 2235 li·

223 2256 374 2327 beratum,
395 2279 479 2317 avum
497 2278 587 2342 tegno
604 2256 768 2319 restitutum.

227 2365 240 2374 ··
264 2336 394 2398 XXIII.
416 2337 495 2399 Ctlm
516 2358 603 2480 illm
621 2342 692 2399 intet¹
716 2339 743 2399 se
764 2339 898 2399 Romulus

144 2466 149 2471 .
225 2427 253 2478 δι
276 2419 382 2481 Remus
407 2418 447 2479 de:
465 2442 520 2480 con
540 2418 613 2480 endi
637 2421 703 2479 urbe
727 2414 898 2490 tmstarent,

225 2502 255 2559 in
269 2499 325 2581 qui
340 2503 394 2580 ipsi
411 2504 520 2581 pariter
530 2520 696 2584 regnarent,
710 2498 898 2582 Romulusque

226 2582 321 2641 locum
331 2628 339 2653 ,
351 2584 399 2663 qui
410 2582 463 2642 sibi
473 2582 588 2642 idoneus
599 2582 755 2652 videretur,
768 2586 797 2642 in
809 2600 899 2643 monte

227 2660 356 2739 Palatino
377 2663 555 2746 designaret,
575 2664 753 2746 Romamque
773 2663 901 2745 appellari

227 2743 311 2805 vellet
321 2767 328 2801 t
340 2761 493 2827 contraque
506 2749 577 2807 item
584 2745 691 2807 Remus
701 2749 733 2806 in
745 2744 804 2805 alio
818 2744 901 2815 colle,
