2010 3616
257 236 440 354 mm
480 250 636 354 Vm,
734 309 774 373 91
832 278 834 282 ’

114 414 175 468 tut,
193 401 244 486 oiri
263 403 420 465 Frucrort
446 402 627 477 Auoosro,
652 418 779 465 marton

113 476 267 544 Turario,
290 482 381 545 Adeo
405 487 435 544 in
462 506 498 544 eo
527 485 618 567 gloria
643 484 779 545 bonitatis

113 557 245 635 obtinuit,
268 583 299 624 ut
326 566 373 624 vei
399 561 597 626 affentantibus
609 611 619 638 ‚
645 567 691 624 vel
714 566 779 626 vere

112 639 298 716 laudantibus,
312 648 491 706 occasionem
507 643 780 731 magnificentissimi

109 719 205 799 prastet
228 727 361 806 exempli.

148 803 194 863 VI.
214 805 360 867 Defuncio
375 806 524 886 Trojano,
543 806 638 868 AElius
654 807 779 868 Hadria·

108 901 155 942 nus
176 905 279 947 creatus
300 886 340 946 est
378 890 505 968 rinceps‚
522 889 581 948 sine
600 886 697 969 aliqui
714 891 779 970 qui-

109 962 169 1022 dem
187 968 329 1027 voluntate
342 909 480 1048 Tiajani,
500 966 548 1028 scd
565 989 680 1048 operam
694 968 778 1030 dante
817 1003 821 1010 ·

107 1040 214 1106 Plotini
233 1047 353 1128 Trajani
373 1070 480 1120 uxore3
503 1070 570 1109 nam
593 1069 658 1108 eum
677 1048 780 1128 Traja-

108 1145 173 1197 nus,
188 1150 351 1210 quanquam
370 1127 544 1189 consobrinae
564 1127 677 1198 filium,
698 1132 778 1190 vivus

105 1206 227 1268 noluerat
250 1209 393 1291 adoptare.
422 1210 564 1271 Natus&
589 1207 648 1289 ipse
675 1209 779 1270 Italica

106 1287 136 1345 in
151 1287 308 1371 Hispaniir,
330 1293 380 1372 qui
398 1290 518 1371 Trajani
536 1291 631 1374 gloriae
653 1289 780 1353 invidens

106 1364 194 1428 statim
214 1374 373 1451 provincias
393 1391 447 1432 tres
469 1373 602 1452 reliquit,
624 1392 692 1452 quas
705 1370 779 1433 Tta-

105 1450 182 1528 janus
201 1451 370 1524 addiderat3
391 1461 419 1512 δι
439 1453 475 1512 de
493 1449 622 1534 Affyria,
639 1450 779 1533 Mesopo·

105 1528 213 1602 tamii,
241 1542 270 1594 &
294 1530 431 1592 Armenii
453 1534 596 1594 revocavit
621 1536 778 1605 exercitus,

105 1631 139 1669 ac
159 1609 243 1673 finem
271 1616 383 1694 imperii
411 1610 463 1673 effe
488 1616 579 1674 voluit
605 1611 778 1694 Euphraten.

102 1689 181 1753 idem
208 1694 243 1754 de
267 1694 361 1755 Daciir
387 1694 477 1756 facere
502 1713 665 1765 conatum,
693 1696 781 1755 amici

103 1771 310 1847 deterruerunt,
330 1796 366 1835 ne
381 1777 463 1835 multi
482 1778 555 1835 cives
571 1776 696 1835 Romani
709 1777 778 1835 bar-

99 1852 177 1913 'baris
205 1856 376 1924 traderentur
399 1879 406 1915 r
431 1875 576 1936 propterea
599 1854 677 1935 quod
701 1854 779 1915 Tra·

102 1937 183 2013 janus
193 1981 205 2005 ,
222 1936 299 1998 victa
313 1936 425 2007 Dacia,
443 1956 477 1995 ex
489 1955 552 1994 toto
565 1937 633 1994 orbe
646 1935 780 1996 Romano

102 2015 227 2076 infinitas
245 2016 281 2078 ei)
302 2020 396 2098 copias
416 2016 566 2076 hominurn
587 2014 778 2090 transtulerat,

104 2096 141 2156 ad
167 2118 251 2180 agros
274 2108 301 2159 δι
324 2099 405 2158 urbes
422 2098 562 2159 colendas.
587 2098 679 2158 Dacia
702 2100 778 2157 enim

104 2177 237 2239 diuturno
261 2180 338 2238 bello
360 2180 494 2240 Decibali
516 2180 584 2241 viris
612 2177 702 2241 fuerat
726 2200 780 2238 ex-

103 2255 210 2319 hausta.

142 2340 212 2399 VII.
233 2339 338 2401 Pacem
359 2360 454 2401 tamen
475 2342 698 2421 omnitempore
719 2341 780 2398 im-

100 2422 172 2501 perii
191 2419 233 2480 sui
253 2419 373 2493 habuit,
390 2419 475 2481 semel
494 2419 603 2481 tantrim
623 2441 671 2500 pet
690 2421 781 2499 praesi·

100 2501 169 2562 dem
198 2501 374 2574 dimicavit3
401 2503 500 2561 orbem
530 2503 695 2560 Romanum
723 2501 781 2557 cir«

101 2583 228 2652 cumiit3
263 2584 353 2641 multa
376 2581 532 2643 aedificavit.
558 2578 782 2640 Facundissimus

99 2663 208 2723 Latino
221 2662 369 2734 sermone,
384 2664 485 2724 Gtaeco
497 2661 696 2722 eruditissimus
707 2659 760 2721 firit
773 2684 780 2719 :

99 2765 161 2804 non
186 2764 324 2826 magnam
344 2745 498 2806 clementia:
515 2744 636 2826 gloriam
656 2739 754 2803 habuit
770 2765 780 2811 3

99 2824 332 2911 diligentissimus
355 2844 451 2889 tamen
474 2824 725 2896 cirtaaerarium,
755 2832 783 2881 ει
