2056 3628
218 285 264 346 66
387 244 731 344 Euruomn

258 396 296 457 X.
318 395 396 457 Alter
419 415 514 455 autem
541 396 698 465 Lucullus,
722 382 771 477 qui
793 392 907 457 Mace·

220 479 337 538 doniam
362 475 594 549 administrabat,
608 477 697 537 Bessis
714 480 820 558 primus
839 479 910 539 Ro·

219 580 368 620 manorum
394 560 489 619 intulit
513 558 649 630 bellum,
671 577 757 640 atque
779 580 828 619 eos
850 559 905 621 in·

218 643 297 724 genti
322 640 418 720 praelio
438 642 469 699 in
490 638 593 700 Haemo
611 660 710 699 monte
733 638 874 720 superavit
897 665 906 701 r

218 722 355 863 oppidum
378 720 908 864 perprppangoporepggsestrapp

217 823 434 967 iitlni'aliilen
455 823 717 1026 cepit'2quspuiiard
733 848 906 945 Danuliiutu

218 968 382 1048 penetravit.
401 965 471 1026 Inde
489 965 591 1025 multas
622 986 689 1046 upra
707 965 832 1037 Pontum
849 987 908 1045 po-

220 1051 287 1108 sitas
310 1050 439 1108 civitates
460 1043 604 1190 ap-Igreffus
627 1045 675 1106 est.
693 1047 756 1107 Illic
776 1047 906 1128 Apollo-

220 1131 300 1190 niam
326 1132 450 1200 evertit,
513 1130 626 1199 alatin,
660 1126 905 1210 Parthenopolin,

220 1211 349 1282 Tomos,
367 1209 513 1280 Histrum,
532 1210 719 1270 Bumiaonem
738 1213 831 1292 cepit:
845 1209 908 1270 bel-

221 1293 306 1374 loque
333 1292 485 1363 somello,
518 1291 645 1351 Romam
675 1291 757 1351 rediit
780 1315 788 1349 z
816 1292 907 1352 ambo

188 1418 190 1423 -
221 1394 318 1434 tamen
348 1371 590 1453 triumphaverunt
621 1394 629 1430 ε
661 1373 796 1434 Lucullus
808 1417 819 1444 ,
854 1375 908 1454 qui
1001 1446 1005 1454 Ι

222 1475 321 1515 contra
344 1452 544 1514 Mithridatem
569 1474 767 1538 pugnaverat,
803 1458 909 1533 majori

222 1535 345 1676 glppsisl,
374 1534 440 1595 erim
453 1538 607 1595 'tantorum
631 1555 782 1619 regnorum
814 1537 909 1597 vietor

222 1635 281 1676 rer
305 1635 340 1676 et.

263 1698 316 1759 XI.
337 1694 485 1758 Confesto
505 1697 582 1759 bello
605 1660 817 1770 Macedonico,
837 1718 907 1761 ma-

223 1798 308 1839 nente
326 1776 548 1851 Mithridatico,
573 1779 668 1861 quod,
687 1780 832 1840 recedente
851 1782 911 1843 Lu·

225 1860 323 1930 cullo,
355 1879 402 1920 rex
429 1859 553 1920 collectis
574 1860 686 1921 auxiliis
712 1882 909 1943 reparaverat,

224 1942 333 2001 bellum
353 1940 500 2002 Creticum
520 1961 614 2001 ortum
636 1941 675 2001 est
698 1965 706 1998 :
728 1943 764 2003 ad
789 1943 819 2002 id
838 1943 911 2004 mis-

225 2021 270 2082 sus
297 2023 430 2083 Caecilius
452 2023 605 2094 Metellus,
625 2025 785 2107 ingentibus
808 2026 910 2105 praeliis

225 2105 298 2163 intra
312 2105 464 2162 triennium
481 2124 598 2163 omnem
619 2107 795 2185 provinciam
814 2109 910 2187 cepit,

164 2186 167 2191 ⁴
225 2182 437 2266 appellatusque
455 2182 496 2243 est
515 2184 669 2257 Creticus3
692 2205 721 2246 at
742 2208 775 2246 ue
799 2207 832 2246 ex
858 2189 909 2248 in-

225 2263 286 2326 sull
303 2263 497 2346 triumphavit.
513 2266 583 2344 Quo
593 2209 821 2349 tempotelibya
834 2290 911 2350 quo·

225 2368 281 2428 que
305 2346 440 2408 Romano
467 2349 612 2428 imperio,
641 2370 689 2429 per
707 2347 910 2411 ‘testamentum

226 2429 370 2509 Apionis,
401 2431 450 2510 qui
474 2450 521 2488 rex
546 2434 603 2508 ejus
627 2427 736 2503 fuerat,
761 2433 878 2491 accessit
902 2456 911 2491 z

228 2512 260 2569 in
280 2508 336 2591 qul
356 2510 467 2592 inclytae
488 2512 614 2571 clvitates
637 2511 737 2584 erant,
756 2512 914 2587 Berenice,

227 2591 406 2664 Ptolemais,
425 2602 453 2653 &
473 2591 596 2675 Cyrene.

266 2672 335 2734 XII.
354 2673 434 2737 Dum
449 2670 508 2733 haec
529 2694 680 2758 geruntur,
698 2676 796 2755 plratae,
811 2677 913 2736 omnia

227 2755 317 2813 maria
326 2753 560 2827 infestabant‚ita
569 2756 833 2829 utRomanis,toto
842 2756 914 2818 orbe

227 2833 403 2909 vilioribus,
424 2834 485 2898 sola
505 2840 653 2922 navigatio
677 2858 737 2901 tuta
754 2859 814 2902 nou
834 2835 912 2900 effet.
