2010 3616
240 285 309 348 114
418 259 452 327 E
471 277 499 326 u
517 277 584 330 Tu
604 275 627 326 ο
646 275 668 325 r>
685 274 739 324 11

236 399 329 440 tentus
340 378 477 462 dignitate
488 376 626 520 Aufusti,
644 377 732 437 Italiae
744 395 829 459 atque
843 378 928 443 Afri.
995 412 996 419 κ

232 483 277 521 vcar
287 459 512 521 administrandae
541 460 747 519 uilicitudinem
760 459 924 534 recusavit,

232 543 282 603 uir
303 543 431 624 egregius
452 551 480 602 &
501 539 729 621 praestantissima
753 541 924 615 civilitatis,

235 622 344 682 divitiis
368 623 583 702 provincialium
607 643 640 681 ac
663 625 837 703 privatorum
858 621 923 682 stu-

237 704 328 776 dens,
350 701 410 762 fisci
432 704 586 764 commoda
606 724 666 765 non
689 703 848 764 admodum
870 703 923 765 af·

238 784 347 845 secians
367 809 375 842 ε
395 783 554 866 ducensque
572 784 692 856 melius,
707 784 835 860 publicas
857 808 925 861 opes

237 865 257 925 d
270 867 394 941 priuatis
411 865 527 938 haberi,
547 865 628 943 qudm
644 868 719 926 intra
735 888 818 925 uuum
836 866 927 945 claus-

231 949 318 1029 strum
336 945 469 1025 reservati
489 972 500 1006 .·
520 944 592 1007 adeb
616 966 712 1007 autem
737 946 827 1008 cultius
849 966 921 1008 mo·

239 1027 317 1098 dici,
334 1046 364 1088 ut
382 1025 457 1088 festis
477 1028 597 1100 diebus,
616 1030 639 1088 si
659 1050 724 1087 cum
745 1031 846 1089 amicis
867 1051 924 1089 nu·

232 1110 436 1173 merosioribus
452 1106 518 1168 esset
534 1110 725 1189 epulandum,
743 1111 921 1189 privatorum
995 1144 996 1173 i

236 1193 278 1251 eis
295 1194 418 1272 argento
445 1191 568 1249 ostiatim
594 1193 681 1270 petito
703 1192 825 1251 triclinia
847 1190 920 1252 ster-

232 1292 377 1332 nerentur.
404 1271 461 1331 Hic
484 1292 542 1331 non
567 1271 656 1331 modb
683 1273 842 1343 amabilis,
872 1272 922 1333 sed
995 1332 996 1349 χ

237 1355 325 1412 etiam
357 1354 524 1415 venerabilis
551 1353 641 1413 Gallis
672 1351 754 1412 fuit:
784 1355 922 1433 praecipue

239 1432 319 1514 qudd
342 1434 517 1493 Diocletiani
539 1431 695 1503 susnediam
719 1434 921 1514 prudentiam,

239 1523 267 1574 &
294 1515 467 1574 Maximiani
494 1513 703 1596 sanguinariam
732 1518 922 1576 temeritatem

150 1627 153 1633 ·
241 1596 361 1665 imperio
382 1600 439 1673 ejus
464 1594 615 1658 evaserant.
639 1596 723 1656 Obiit
749 1597 779 1654 in
804 1597 920 1656 Britan-

240 1673 307 1746 nici,
325 1676 468 1745 Eboraci,
489 1675 658 1756 principaris
676 1698 752 1736 auno
771 1678 923 1738 tertio-de·

240 1758 316 1815 timo
329 1780 340 1828 3
361 1777 444 1838 atque
465 1760 536 1816 inter
554 1758 646 1819 Divos
661 1758 762 1818 relatus
777 1756 826 1817 est.

280 1838 318 1898 II.
338 1838 488 1910 Galerius,
508 1841 551 1898 vir
568 1848 596 1899 &
618 1840 703 1918 probe
723 1860 871 1913 moratus,
894 1849 923 1907 dr

234 1917 777 2003 ¹egregiusinremilitari‚¹ctimItaliam
786 1943 920 2003 quoque,

239 2006 347 2061 sinente
360 1999 549 2072 Constantio,
560 1999 796 2063 administrationi
805 1999 864 2065 suae
874 2026 923 2064 ac·

240 2079 346 2155 cessiiie
374 2080 514 2155 sentiret,
539 2080 665 2143 Caesares
691 2083 762 2144 duos
789 2086 923 2155 creavit,

242 2163 481 2239 [Maximinum,
497 2185 582 2245 quem
602 2164 715 2224 Orienti
732 2162 879 2245 praefecit3
895 2173 923 2226 dt

239 2243 391 2314 Severum,
412 2244 457 2303 cui
474 2245 587 2305 Italiam
606 2244 710 2305 dedit:
730 2244 836 2326 ipsein
855 2247 924 2340 Illy·

236 2324 298 2391 rico
317 2344 509 2385 commoratus
528 2325 600 2401 est.]
620 2323 729 2386 Vertim
748 2324 923 2388 Constantio

239 2424 373 2479 mortuo,
391 2405 616 2478 Constantinus,
637 2429 670 2467 ex
686 2407 840 2468 obscuriori
863 2430 924 2468 ma·

236 2489 375 2548 trimonio
399 2493 456 2567 ejus
479 2485 552 2548 filius
569 2534 579 2561 ,
599 2489 629 2547 in
647 2487 793 2567 Britannici
813 2509 924 2553 creatus

239 2567 279 2627 est
296 2570 469 2651 imperator,
489 2577 516 2630 δι
536 2568 680 2630 inlocum
718 2571 783 2631 attis
803 2590 923 2653 exopta-

239 2651 362 2712 tissimus
383 2651 545 2712 moderator
561 2654 684 2714 accessit.
699 2592 802 2713 iiomae
815 2654 925 2715 interea

236 2727 421 2803 Praetoriani,
441 2733 562 2793 excitato
578 2736 721 2806 tumultu,
738 2735 921 2795 Maxentium

237 2807 367 2875 Herculii
386 2810 499 2889 filium,
518 2817 568 2898 qui
584 2812 660 2881 haud
674 2816 773 2898 procul
790 2817 828 2879 ab
841 2815 922 2880 Urbe
