1982 3614
233 306 303 367 272
380 282 750 359 AumVrcroa

169 400 174 405 ’
231 423 347 465 munem
364 400 492 462 habitum
509 402 697 485 supergressi,
717 406 783 467 dum
796 410 889 468 animus

230 486 363 564 potentiae
375 504 501 564 expers,
521 503 657 566 tanquam
676 487 768 548 inedia
786 488 888 559 refediI‚

231 563 400 625 insatiabilis
416 563 463 624 est.
483 565 551 642 Quo
568 563 641 627 mihi
658 571 761 628 mirum
776 570 889 639 videtur,

232 645 375 706 nobilitati
394 643 541 726 plerosque
559 645 716 727 superbiam
739 649 822 721 date,
841 670 891 731 quae

233 728 324 809 gentis
335 725 460 785 Patriciae
473 746 605 799 memor,
625 728 829 800 molestiarum,
842 729 893 811 quis

229 809 377 889 agitatur,
391 806 537 878 remedio,
556 811 677 868 eminere
693 812 831 890 paululum
844 812 895 890 plu-

234 890 273 947 ris
293 884 386 946 babet.
408 887 515 946 Verum
536 885 595 948 haec
613 892 644 949 in
657 890 774 952 Valerio
790 892 897 951 obduda

235 970 339 1027 caetetis
356 968 460 1038 bonis,
475 989 565 1049 coque
580 968 642 1051 ipso
660 970 740 1052 qudd
755 973 897 1032 Dominum

232 1047 294 1108 dici
312 1044 422 1128 patius,
444 1068 588 1129 patentem
608 1053 689 1135 egit3
711 1051 829 1134 satisque
843 1074 899 1112 con-

234 1128 314 1200 stat,
338 1129 502 1208 pmdentem
523 1134 615 1191 vitum
641 1131 758 1193 edocere
776 1130 900 1202 voluiffe,
963 1178 964 1195 r

236 1211 412 1270 atrocitatem
427 1231 518 1270 rerum
531 1215 648 1294 magis,
668 1212 756 1293 quim
770 1217 900 1274 nominum

238 1291 358 1351 officere.
377 1291 493 1351 Interim
513 1292 637 1354 Carinus
652 1314 773 1364 eorum,
791 1317 847 1377 quae
862 1315 902 1354 ac·
963 1352 964 1361 ,

238 1372 385 1443 ciderunt,
407 1376 507 1432 certior
520 1419 532 1443 ,
552 1372 600 1454 spe
617 1374 727 1436 faciiids
746 1394 902 1456 erumpentes
963 1412 964 1429 r

234 1472 333 1512 motus
349 1450 477 1514 sedatum
493 1455 550 1524 iri,
573 1453 718 1536 Illyricum
731 1457 841 1537 properd
853 1456 903 1515 Ita·
963 1468 964 1481 ¹

238 1533 282 1592 Iiae
302 1536 417 1592 circuitu
429 1537 507 1612 petit.
522 1534 567 1594 Ibi
580 1536 723 1596 Iulianum
735 1583 745 1611 ,
768 1535 842 1619 pulsi
855 1541 903 1615 ejus

239 1616 321 1684 acie,
343 1615 499 1675 obtruncat.
520 1616 653 1697 Namque
671 1619 695 1677 is
712 1617 777 1678 crim
792 1619 903 1677 Venetos

239 1692 407 1754 Cortediutd
431 1716 551 1778 ageret,
578 1697 649 1758 Cari
670 1718 762 1759 morte
782 1695 903 1791 cogniti,

239 1775 394 1854 imperium
413 1797 498 1837 avens
516 1779 621 1857 eripere
632 1825 645 1849 ,
665 1779 826 1841 adventanti
843 1775 904 1837 hosti

148 1889 151 1898 ·
240 1854 357 1916 obviam
374 1860 514 1937 processit.
531 1859 572 1918 At
584 1859 705 1921 Carinus
722 1862 772 1921 ubi
783 1861 904 1921 Moesiam

240 1940 382 2021 contigit,
403 1937 471 1999 ilicd
488 1940 624 2033 Margum
643 1946 721 2021 juxta
737 1941 905 2003 Diocletiano

239 2016 420 2100 congressus,
442 2019 510 2079 dum
539 2025 630 2081 victos
656 2022 738 2082 avide
762 2040 905 2101 premeret,

240 2096 354 2159 suorum
371 2101 429 2159 ictu
447 2102 575 2171 interiit,
595 2100 674 2182 qudd
692 2103 809 2163 libidine
828 2106 907 2182 impa-

241 2180 313 2238 tiens
342 2181 507 2240 militatium
529 2201 630 2262 nuptas
650 2180 823 2254 affectabat,
843 2203 904 2264 qua-
964 2208 965 2229 r

241 2281 305 2319 rum
324 2258 477 2321 infestiores
494 2264 547 2320 virt
565 2266 636 2322 iram
654 2282 750 2324 tamen
773 2263 906 2324 dolorem·

242 2362 297 2421 que
327 2346 356 2400 in
387 2361 518 2401 eventum
550 2344 616 2402 belli
649 2343 818 2405 distulerant.
851 2338 907 2419 Qud

243 2420 397 2502 prosperide
424 2421 562 2493 cedente,
589 2443 665 2483 metu
694 2447 730 2485 ne
761 2420 909 2503 hujusmodi

243 2505 274 2563 in
296 2506 389 2563 cuium
413 2507 505 2586 magis
528 2503 675 2587 magisque
699 2505 820 2565 victoria
839 2501 908 2563 inso-

244 2525 378 2654 lederet,
401 2582 459 2644 sese
479 2585 530 2643 ulti
545 2583 617 2645 sunt.
640 2587 667 2646 Is
683 2583 746 2646 finis
763 2586 863 2656 Caro,
881 2584 911 2641 li-

244 2663 389 2744 berisque,
402 2665 539 2725 Narbone
552 2665 657 2745 patrii,
673 2668 828 2747 Imperium
842 2666 912 2724 bien·
964 2704 965 2723 2

245 2744 286 2802 nii
303 2745 389 2804 fudre.
411 2745 500 2828 Igitur
518 2748 649 2807 Valerius
670 2747 762 2826 primi
782 2749 819 2807 ad
840 2753 910 2804 exet»

246 2824 333 2886 citum
353 2828 512 2901 concione,
533 2826 596 2890 caim
614 2828 714 2889 educto
734 2829 852 2912 gladio,
867 2825 913 2885 so·
