1982 3614
254 277 323 338 262
407 263 529 338 Aua.
557 269 770 339 Vrcron

251 389 421 469 direptiones
433 434 456 459 ,⁷
468 390 536 468 qnia
556 388 589 448 L.
610 387 760 449 AElianum
780 384 909 467 juverant,
969 406 970 419 ¹

252 465 399 531 abnuiffet.
416 469 528 553 Igitur,
549 490 584 528 eo
602 467 720 538 occiso,
739 470 843 529 Marius
857 468 910 527 fetri

274 551 398 611 nondam
414 549 511 630 opifex
522 597 533 620 ,
545 571 634 631 neque
646 552 733 609 etiam
747 569 806 609 tum
818 550 910 609 militiae

250 574 440 702 laustinus,
459 652 579 714 regnum
597 633 679 710 capit.
695 630 814 690 Proinde
827 633 911 690 cunda

250 713 288 772 ad
306 731 460 772 extremum
477 711 651 784 reciderant,
669 714 711 771 uti
726 711 826 772 talibus
839 714 912 791 impe·

250 796 291 853 ria
307 815 341 853 ac
354 795 488 852 virtutum
504 796 634 853 omnium
648 793 732 852 decus
750 792 864 853 ludibrio
877 790 912 852 el·

250 872 320 935 sent.
350 873 428 934 Hinc
459 873 580 956 denique
606 874 764 952 joculariter
792 874 910 943 uuum,

248 976 429 1037 nequaquam
448 957 552 1014 mirum
567 956 656 1016 videri
666 1002 678 1025 ,
702 957 725 1014 si
742 976 801 1015 rem
817 955 912 1017 Roma·

249 1058 318 1097 nam
341 1037 450 1097 Matius
474 1034 585 1095 reficere
613 1035 814 1104 contenderet,
839 1055 911 1117 quam

247 1118 358 1179 Matius
374 1115 497 1197 ejusdem
513 1120 599 1190 artis,
619 1120 716 1177 atuor
732 1115 869 1198 stirpisque
883 1137 910 1176 ac

248 1201 400 1270 nominis,
425 1195 603 1258 solidavillet.
630 1199 697 1259 Hoc
715 1200 843 1282 jugulato
861 1195 911 1278 post

249 1280 389 1350 biduum,
405 1279 571 1339 Vidiorinus
588 1279 740 1362 deligitur,
759 1280 826 1340 belli
841 1278 911 1341 scien·

248 1361 288 1420 tii
314 1359 448 1421 Postumo
472 1381 541 1439 par,
563 1358 660 1420 vertitu
685 1360 805 1421 libidine
827 1362 910 1442 preci·

245 1444 323 1522 piti3
342 1440 398 1523 qui
416 1439 543 1500 cohibiti
560 1444 591 1501 in
608 1441 746 1512 exordio,
767 1440 830 1523 post
845 1443 909 1501 bien-

247 1525 289 1582 nii
311 1525 483 1602 imperium,
509 1521 690 1603 constupratis
711 1524 742 1582 vi
766 1521 850 1603 pltris
877 1542 910 1591 e,

246 1603 297 1664 ubi
314 1604 448 1664 Attitiani
472 1609 623 1686 conjugem
643 1606 828 1684 concupivit,
846 1544 908 1664 llei-

246 1683 304 1745 nus
320 1706 354 1744 ue
371 1685 408 1744 ab
427 1682 460 1744 eu
475 1685 537 1745 viro
554 1684 725 1766 patefaiiunr
743 1684 806 1756 est,
826 1706 909 1746 actm-

241 1767 283 1826 ..sis
299 1706 399 1826 lurtim
418 1765 555 1826 militibus
572 1786 619 1847 per
633 1764 803 1827 seditionem
820 1768 908 1850 Agrip

243 1849 317 1927 pinae
328 1846 472 1907 occidinrr.
484 1846 611 1907 Tantum
623 1847 821 1908 lutatiorum
833 1894 841 1919 ,
853 1867 910 1928 quo

243 1950 308 1991 rum
322 1929 388 1988 loco
400 1929 554 1990 Attitianns
569 1926 742 2000 habebatur,
759 1931 791 1989 in
805 1930 911 1988 exertius

245 2009 384 2070 fastiones
411 2010 537 2092 vigent,
567 2028 599 2070 ut
625 2010 743 2071 arduum
769 2010 909 2091 petentibus

243 2091 354 2150 malitia
373 2106 545 2169 patraretnr3
562 2112 650 2173 genus
666 2089 817 2152 bominum
829 2137 838 2163 ‚
852 2109 909 2171 prz-

242 2170 339 2233 sertim
358 2167 413 2231 bac
430 2169 613 2250 tempestate,
635 2193 780 2253 nequam,
802 2173 908 2239 venale,

239 2250 400 2333 callidum,
421 2249 584 2313 seditiosum
595 2299 607 2323 ,
626 2251 751 2314 habendi
769 2255 909 2334 mpidum,

244 2353 329 2416 atque
360 2331 397 2392 ad
424 2333 572 2413 portandas
599 2333 709 2395 fraudes
736 2333 909 2415 velandalque

239 2418 326 2499 quasi
349 2412 385 2472 ab
409 2414 504 2474 naturi
529 2414 659 2487 fabium
683 2438 801 2478 annonae
823 2416 907 2477 domi·

244 2519 316 2559 nans
332 2540 342 2566 ,
361 2512 451 2575 eoque
475 2496 554 2556 utilia
575 2498 734 2557 curantibus
755 2507 783 2557 δι
804 2495 909 2558 sommis

244 2597 386 2640 aratorum
411 2574 571 2650 infestum,
600 2578 718 2657 prudens
742 2580 772 2638 in
797 2592 909 2658 tempore

244 2659 289 2718 his
313 2655 474 2739 largiendi,
499 2679 619 2739 quorum
642 2658 774 2718 vecordiai
797 2661 908 2719 damno·

242 2761 300 2820 que
324 2758 391 2817 opes
419 2742 593 2799 contraxerit
622 2739 738 2800 Interim
762 2741 907 2803 Victoria,

239 2817 345 2882 amilio
364 2817 516 2882 victorino
537 2819 619 2896 filio,
639 2822 800 2906 legionibus
822 2816 909 2908 grandi
