1972 3624
264 238 613 298 terreum
706 244 768 310 3u

102 337 182 414 suo;
210 336 381 430 abscisisque
412 345 609 430 genitalibus,
634 345 715 403 matri
744 339 773 402 se

30 482 32 491 a
103 421 213 507 Magnae
227 426 352 489 sacravit.
373 426 430 488 Hic
444 426 632 496 Marcellum,
651 426 700 505 qui
713 421 774 502 post

100 501 255 567 Alexander
268 507 307 568 est
323 509 436 579 didius,
455 506 655 567 consobrinum
675 503 773 574 suum,

101 581 237 648 Caesarem
255 588 330 650 fecit.
347 587 410 669 Ipse
426 589 548 647 tumultu
563 587 680 646 militari
692 587 775 643 inter·

98 660 188 725 decius
209 667 256 729 est.
277 670 370 749 Hujus
392 688 490 747 corpus
510 688 557 747 per
576 667 665 728 Urbis
684 666 774 734 vias,

104 762 178 804 more
200 750 294 810 canini
313 748 477 818 cadaveris,
502 745 519 806 ‘a
540 747 676 806 militibus
695 763 774 804 trac·

105 840 161 884 tum
179 825 238 901 est,
255 831 368 891 militari
384 829 485 887 cavillo
499 826 720 907 appellantium,
737 827 777 885 iu·

105 904 214 967 domitae
233 911 391 992 tabidaque
410 908 535 969 libidinis
552 908 684 966 catulam.
706 906 776 966 No·
825 916 828 919 ’

104 987 214 1047 vissime
255 990 320 1050 edm
354 987 473 1072 angusto
506 988 645 1048 foramine
681 986 779 1047 cloaca

106 1084 202 1156 corpus
219 1072 338 1132 minime
356 1074 511 1151 reciperet,
534 1066 621 1159 usque
638 1065 676 1127 ad
687 1065 780 1125 Tibe-

106 1164 157 1206 rim
175 1148 348 1223 deductum,
370 1151 479 1228 adjedlo
498 1148 644 1228 pondere,
667 1166 702 1205 ne
716 1167 781 1205 um·

106 1246 188 1305 quam
213 1251 396 1316 emergeret,
421 1233 451 1290 in
478 1232 594 1288 fluvium
623 1229 780 1306 projectum

107 1304 151 1367 est.
174 1309 255 1372 Vixit
279 1334 369 1373 annos
394 1310 540 1378 sedecim3
564 1327 648 1387 atque
674 1327 706 1365 ex
727 1327 780 1377 re,

107 1407 165 1467 quat
194 1392 365 1462 acciderat,
395 1390 546 1451 Tiberinus
574 1383 784 1469 Tradtitiusque

107 1471 317 1549 appellataeeu

145 1550 276 1614 XXIV.
305 1554 420 1614 Severus
446 1548 605 1611 Alexander
633 1549 782 1628 imperavit

110 1648 194 1692 annos
222 1635 365 1695 tredecim.
392 1632 451 1693 Hic
468 1632 559 1692 bonus
585 1629 781 1708 Reipublicae,

110 1707 161 1772 fuit
187 1714 366 1781 aemmnosus.
397 1712 464 1773 Hoc
496 1714 650 1791 imperante
676 1708 781 1769 Tauri-

110 1811 158 1853 nus
177 1797 222 1855 Au
243 1794 319 1857 ustus
341 1789 481 1862 effeeius,
506 1792 545 1850 ob
568 1793 700 1850 timorem
724 1782 784 1868 ipse

111 1868 138 1928 se
163 1819 305 1957 Eupdxate
329 1876 417 1933 fluvio
442 1872 552 1950 abjecit.
585 1870 668 1928 Tunc
697 1870 783 1927 etiam

111 1949 284 2018 Maximinus
303 1975 422 2038 regnum
444 1954 582 2030 arripuit,
605 1949 728 2029 pluribus
749 1947 784 2010 de

111 2038 229 2098 exercitu
244 2036 388 2116 corruptis.
405 2030 564 2094 Alexander
578 2026 645 2089 verd
659 2026 723 2087 crim
740 2027 787 2088 de·

113 2109 165 2174 seri
180 2115 207 2176 se
225 2115 433 2197 &stipatoribus
449 2109 580 2182 vidisset,
600 2129 718 2169 matrem
732 2109 787 2169 sibi

113 2195 223 2257 causam
250 2194 329 2258 fuiffe
350 2196 449 2257 mortis
475 2193 656 2261 exclamans,
684 2211 786 2250 accur·

114 2280 184 2336 renti
205 2274 375 2359 percuffori,
399 2275 536 2336 obvoluto
554 2274 669 2352 capite,
692 2271 786 2331 cervi·

114 2375 158 2417 ces
173 2360 267 2420 valide
284 2353 449 2438 compressas
467 2355 606 2435 praebuit,
629 2370 705 2411 anno
724 2353 788 2410 vitae

115 2438 248 2501 vicesimo
267 2437 354 2500 sexto.
371 2437 464 2516 Hujus
478 2453 566 2494 mater
577 2431 734 2492 Mammaea
752 2428 790 2511 ed,

116 2513 204 2580 filium
226 2530 381 2603 coegerat,
404 2535 435 2578 ut
452 2516 501 2575 illa
521 2511 581 2594 ipsa
599 2510 788 2592 permodica,

117 2598 143 2689 si
158 2600 260 2669 mensa
278 2598 449 2679 prandioque
470 2589 660 2675 supereffent,
684 2612 789 2673 quam·

117 2697 158 2737 xrs
178 2683 333 2750 convivio,
351 2695 555 2760 reponerentur.

93 2832 96 2841 ,
132 2757 270 2835 Ην.
291 2761 380 2825 sunus
407 2758 583 2823 maxianus
609 2706 732 2896 gntae,
759 2774 793 2817 ex

658 2856 676 2899 V
