2056 3628
98 291 784 369 fflfflzv

118 446 327 516 LIBER
375 445 757 521 SECUNDUS.

298 658 326 720 C
348 660 377 719 A
396 659 419 719 P
440 660 471 721 U
490 659 520 718 T
560 660 586 720 Ι.
705 698 708 701 -

96 753 293 872 ANNO
312 825 482 864 ccctxt.
498 806 535 865 ab
550 804 631 867 Utbe
650 807 785 883 conditi,

94 885 159 968 post
177 905 292 965 captam
310 905 404 945 autem
423 887 536 965 primo,
558 886 709 1027 difuit-ates
723 910 783 950 mu·

98 986 164 1027 tatae
184 964 249 1026 sunt
262 988 270 1023 t
282 974 309 1026 &
325 987 374 1046 pto
390 965 499 1027 duobus
510 967 578 1029 Con
594 969 685 1030 ulibus
699 973 784 1031 creati

96 1046 164 1107 sunt
176 1047 300 1107 Tribuni
312 1048 453 1108 Militares
467 1046 622 1109 Consulari
638 1049 785 1131 potestate.

94 1128 176 1188 Hinc
191 1133 252 1207 jam
265 1129 350 1209 coepit
360 1128 493 1190 Romana
508 1151 551 1190 tes
564 1128 692 1191 crescere.
704 1131 785 1192 Nam
872 1124 875 1132 ¹

97 1209 244 1271 Camillus
266 1230 299 1268 eo
323 1232 400 1270 anno
419 1208 593 1271 Volscorum
615 1214 760 1272 civitatem
772 1257 784 1284 ,

99 1311 223 1372 quaepet
234 1289 412 1374 septuaginta
421 1313 512 1352 annos
526 1292 635 1351 bellum
649 1289 784 1386 galletae,

97 1373 191 1444 vicit,
212 1381 239 1432 &
251 1371 416 1453 AEquotum
432 1373 531 1432 urbem
548 1382 576 1433 &
587 1373 784 1446 Sutrinorum

97 1473 188 1533 atque
197 1454 327 1513 omnibus
337 1453 436 1513 deletis
445 1452 607 1514 earumdem
619 1455 785 1516 exercitibus

99 1535 253 1615 occupavit
264 1555 271 1590 t
283 1543 312 1594 &
327 1553 380 1593 ttes
397 1535 482 1594 simul
499 1533 656 1615 triumphos
666 1538 733 1620 egit.

143 1615 187 1674 II.
209 1615 294 1676 Titus
322 1617 409 1681 etiam
434 1615 569 1692 Quintius
597 1615 786 1678 Cincinnatus

99 1693 310 1766 Praenestinos,
355 1698 385 1755 ui
411 1695 499 1777 usque
525 1696 562 1757 ad
586 1697 662 1757 urbis
686 1697 790 1760 Romae

103 1795 201 1858 portas
215 1796 280 1836 cum
292 1717 370 1835 bello
383 1796 537 1848 venerant,
554 1775 733 1858 persecutus,
751 1779 788 1840 ad

102 1860 214 1918 flumen
230 1858 338 1918 Alliam
351 1858 442 1928 vicit;
465 1861 532 1918 osto
551 1860 701 1928 civitates,
726 1880 790 1940 quae

103 1937 160 1999 sub
177 1940 187 1996 i
207 1940 273 1998 sisa
296 1938 401 2009 ebant,
418 1938 559 1998 Romanis
575 1938 704 2015 adjunxit
720 1961 727 1996 :
744 1940 790 2020 ip-

101 2017 169 2080 sum
180 1960 314 2079 ssmefie
327 2015 489 2114 aggressus,
506 2021 537 2079 itt
553 2018 727 2081 deditionem
744 2042 791 2080 ac·

100 2102 189 2181 cepit.
204 2101 276 2177 Quae
295 2120 395 2160 omma
408 2102 445 2160 ab
464 2123 499 2160 eo
512 2099 588 2184 gesta
606 2098 669 2162 sunt
684 2103 790 2185 viginti

102 2182 230 2253 diebus,
249 2178 462 2263 triumphusque
482 2184 535 2261 ipsi
552 2181 685 2241 decretus.

145 2261 214 2322 ΙΙΙ.
234 2263 343 2321 Verum
358 2263 482 2346 dignitas
497 2263 691 2323 Tribunomm
705 2262 790 2323 Mili-

103 2344 211 2403 tatiuln
226 2342 348 2402 nundin
361 2341 553 2423 perseveravit.
569 2344 647 2404 Nam
662 2341 723 2424 post
739 2344 791 2403 ali·

104 2445 266 2505 quantum,
280 2425 373 2485 nullos
388 2425 493 2504 placuit
509 2423 568 2485 fieti
581 2448 589 2483 t
601 2434 629 2485 δι
662 2423 790 2484 uadrien-

104 2506 188 2566 nium
207 2507 246 2565 ita
262 2507 292 2566 in
310 2505 390 2568 Urbe
407 2507 512 2577 fluxit,
535 2526 565 2567 ut
601 2511 648 2565 ote
690 2525 731 2564 tes
748 2504 790 2564 ibi

103 2591 228 2664 majores
253 2609 313 2646 non
335 2583 427 2647 effent.
449 2527 668 2667 Resumpllrunt
691 2603 789 2645 tamen

104 2666 230 2727 Tribuni
251 2668 392 2728 Militares
416 2666 556 2727 consulati
577 2664 710 2747 potestate
731 2666 789 2724 ite-

30 2798 33 2807 .
102 2769 168 2807 rum
189 2747 358 2831 dignitatem
372 2795 384 2819 ,
406 2757 433 2808 δι
452 2750 572 2809 triennio
592 2745 791 2832 perseverave-

102 2847 181 2892 runt.
200 2828 304 2895 Rursus
322 2827 463 2895 Consules
480 2828 560 2893 fau'n
