1982 3614
213 270 282 322 nr
312 254 652 326 CAEsAnravs.
705 266 769 349 263

86 370 210 453 pecuniis
230 374 501 454 comprobantibus,
519 374 665 436 Tetricum
683 377 778 460 Impe-

86 474 213 513 ratorem
241 454 334 525 facit;
356 458 406 537 qui
428 455 538 517 familia
561 459 677 527 nobili,
701 481 775 540 prae-

87 535 182 596 sidatu
209 536 370 617 Aquitanos
393 537 545 608 tuebatur,
573 537 690 621 filioque
718 545 777 620 ejus

86 615 207 675 Tetrico
225 616 353 678 Caesarea
370 619 492 701 insignia
512 621 717 698 impartiuntur.
735 626 776 682 At

85 696 192 757 Romae
218 698 366 759 Gallienus
392 718 492 779 pacata
518 703 643 774 omnia,
666 704 774 784 ignaris

85 779 198 859 publici
223 779 316 850 mali,
338 781 467 860 improbb
495 777 650 852 suadebat,
676 781 774 845 crebrb

86 862 177 920 etiam
192 903 204 928 ,
228 863 267 919 uti
282 861 361 920 rebus
375 882 409 920 ex
422 862 567 921 voluntate
581 859 664 945 gestis
678 861 775 937 solet,

85 940 173 1000 ludos
193 961 226 999 ac
245 939 314 1002 festa
340 940 570 1022 triumphorum,
592 939 651 1026 qub
671 965 773 1024 prom-

85 1022 163 1102 ptiris
192 1023 323 1082 simulata
349 1021 606 1095 confirmarentur,
632 1045 773 1087 exercens.

86 1102 146 1163 Sed
179 1101 242 1182 post
262 1124 328 1164 uam
355 1105 508 1185 periculum
539 1107 774 1185 propinquabat,

86 1183 206 1244 tandem
231 1124 310 1246 llrbe
332 1184 479 1267 egreditur.
502 1185 636 1266 Namque
659 1189 772 1246 Aureo·

86 1265 153 1338 lus,
171 1263 236 1324 crlm
251 1286 300 1346 pet
313 1264 437 1326 Rhaetias
454 1266 613 1348 legionibus
630 1264 774 1345 praeellet,

89 1349 219 1417 excitus,
239 1351 280 1408 uti
293 1367 356 1407 mos
375 1345 434 1417 est,
454 1344 584 1406 socordia
600 1365 659 1406 tam
676 1349 775 1431 ignavi

89 1426 196 1499 ducis,
224 1425 335 1508 sumpto
357 1428 480 1508 Imperio
502 1427 626 1488 Romam
651 1448 772 1489 conten-

88 1508 186 1570 debat.
209 1508 284 1568 Eum
301 1508 448 1570 Gallienus
467 1507 541 1588 apud
579 1528 703 1581 ontem,
727 1514 772 1570 cui

90 1611 125 1649 ex
140 1611 176 1649 eo
189 1589 304 1649 Aureoli
318 1611 424 1650 nomen
437 1587 497 1660 est,
518 1530 612 1649 frrllrm
631 1592 691 1649 acie
704 1592 774 1651 Me-

89 1671 239 1732 diolanum
255 1673 357 1755 coegit.
380 1672 476 1749 Quam
496 1672 594 1730 urbem
613 1670 682 1731 dum
704 1692 772 1732 ma-

91 1750 303 1813 chinationibus
317 1755 410 1812 omnis
425 1754 533 1836 generis
549 1771 715 1835 oppugnat,
736 1754 774 1814 ab

90 1832 147 1894 suis
172 1835 285 1894 interiit.
309 1833 424 1914 Quippe
446 1833 610 1903 Aureolus,
636 1832 685 1891 ubi
711 1829 773 1894 sol·

89 1914 178 1975 vendi
195 1914 300 1974 obsidii
319 1912 396 1995 spem
420 1916 536 1972 inanem
553 1911 651 1983 videt,
669 1912 774 1973 ducum

91 1996 220 2059 Gallieni
242 1994 493 2077 Tribunorumque
523 1994 666 2063 nomina,
693 1996 776 2075 quasi

91 2076 229 2137 destinata
250 2077 342 2137 abeo
364 2076 400 2136 ad
422 2095 543 2144 necem,
566 2073 625 2135 astu
648 2095 713 2135 com
755 2110 772 2122 ·
828 2082 836 2092 “

90 2156 147 2219 suit
162 2204 172 2231 ,
191 2156 351 2239 litterasque
370 2157 386 2216 ὲ
405 2177 510 2228 muro,
534 2153 621 2295 pubm
642 2177 712 2215 occu
723 2161 775 2218 tis-

92 2239 165 2299 sime
184 2241 298 2319 potuit,
316 2239 444 2318 abjecit,
481 2259 522 2297 uae
549 2236 609 2296 orte
626 2234 644 2296 l
662 2257 792 2297 memor

92 2322 159 2380 ratis
177 2339 313 2401 reperta,
333 2339 440 2379 metum
460 2260 704 2399 luspieionemque
721 2320 772 2378 in·

90 2402 181 2480 jecbre
200 2399 327 2461 mandati
344 2403 445 2471 exitii,
463 2419 561 2460 verum
582 2419 627 2458 eas
642 2398 775 2458 effluxisse

91 2480 199 2541 incurii
218 2479 416 2543 ministrorum.
441 2479 507 2557 Qui
526 2476 609 2538 causi
627 2478 774 2539 Aureliani

93 2564 238 2634 consilio,
262 2567 339 2643 cujus
365 2563 455 2645 gratia
484 2562 514 2619 in
540 2560 660 2621 exercitu
689 2578 774 2641 atque

93 2640 186 2704 honor
217 2641 403 2723 ptaestabant,
431 2638 563 2702 simularit
595 2642 774 2720 proruptiont

92 2721 243 2794 hostium,
266 2724 372 2795 nullis,
395 2726 437 2784 uti
453 2743 481 2781 te
497 2718 604 2801 trepidi
624 2741 657 2780 ac
675 2740 774 2803 repen—

92 2803 155 2867 tinal
174 2803 268 2881 solet,
288 2809 394 2871 redum
414 2801 618 2888 stipatoribus,
638 2802 775 2877 tabernaq
