2056 3628
312 192 626 265 traanrrr.
713 172 717 178 ’
768 220 810 286 37

124 310 300 375 remanserat
318 335 384 374 cum
407 334 514 397 magno
536 316 681 386 exercitu,
705 332 735 374 ut
748 335 813 376 eam

127 415 221 456 totam
240 395 319 456 Afris
341 394 403 455 subi
425 415 505 465 eret,
530 393 546 455 *a
566 394 676 457 duobus
695 396 811 477 Scipio-

127 477 214 537 nibus
234 477 375 536 Romanis
395 417 511 536 ducibus
533 478 677 546 vincitur3
702 478 811 557 perdit-

127 579 185 640 que
204 560 235 618 in
252 556 349 641 pugni
368 560 485 641 triginta
504 559 572 639 quin
594 578 628 617 ue
647 558 737 619 millia
756 557 812 619 ho-

129 641 244 698 minum
265 663 273 696 ε
292 658 326 698 ex
344 636 389 698 his
410 640 555 720 capiuntur
574 580 671 699 decem
696 638 811 713 millia,

129 720 299 780 occiduntur
325 722 430 803 viginti
455 720 587 802 quinque.
612 721 766 781 Mittuntur
786 722 813 781 ei

131 799 150 861 *a
174 799 461 884 Carthaginiensibus
487 800 523 860 ad
549 801 713 882 reparandas
742 805 814 862 vires
909 814 915 859 ί

131 882 285 942 duodecim
305 883 395 943 millia
414 882 538 964 peditum
551 930 563 954 ,
583 903 703 965 quatuor
723 884 815 946 millia

130 967 286 1045 equitum,
307 964 409 1047 viginti
430 961 579 1044 elephanti.

98 1062 101 1067 ⁴
175 1044 253 1105 XII.
275 1046 361 1104 Anno
381 1065 481 1127 quarto
495 1043 686 1126 postquamin
700 1044 814 1107 ltaliam

132 1125 283 1186 Hannibal
305 1129 407 1198 venit,
430 1127 544 1186 Marcus
568 1126 708 1188 Claudius
728 1128 813 1187 Mar·

133 1207 222 1267 tellus
252 1205 363 1269 Consul
401 1207 474 1287 apud
504 1207 638 1279 Nolam,
670 1209 815 1269 civitatem

134 1287 326 1368 Campania,
348 1308 444 1348 contra
459 1287 653 1348 Hannibalem
672 1289 743 1348 beni
762 1310 816 1370 pu-

134 1372 244 1453 gnavit.
265 1370 413 1429 Hannibal
432 1370 535 1430 multas
555 1371 679 1430 clvitates
699 1370 814 1431 Roma-

134 1471 240 1511 norum
252 1471 301 1531 per
312 1452 447 1531 Apuliam
461 1497 470 1522 ‚
485 1450 672 1525 Calabriam,
690 1460 717 1512 &
731 1452 813 1521 Brut-

134 1532 193 1591 tios
218 1534 366 1612 occupavit
388 1556 396 1591 z
421 1553 479 1614 quo
501 1551 628 1612 tempore
655 1535 743 1596 etiam
766 1555 814 1593 rex

134 1613 315 1673 Macedoniae
333 1611 477 1694 Philippus
495 1614 532 1673 ad
550 1635 615 1673 eum
633 1615 742 1698 legatos
756 1616 816 1674 'mi-

136 1694 197 1766 sit,
219 1695 384 1774 promittens
402 1696 506 1755 auxilia
528 1714 624 1754 contra
643 1695 815 1768 Romanos,

136 1773 189 1835 sub
210 1773 263 1834 hac
284 1775 466 1847 conditione,
487 1795 519 1835 ut
537 1777 639 1851 delerit·
653 1776 817 1848 Romanis,

136 1855 330 1938 ipse'quoque
350 1876 446 1919 contra
464 1857 576 1917 Graecos
597 1853 817 1916 ab¹'l-larlnibale

135 1939 243 1998 auxilia
257 1939 401 2018 acciperet.
419 1938 521 2017 Captis
535 1939 622 2019 igitur
633 1937 733 2020 legatis
746 1934 817 1998 Phi-

135 2020 233 2100 lippi,
257 2029 285 2080 &
306 2040 334 2077 re
358 2017 495 2102 cogniti,
520 2018 646 2078 Romani
667 2021 696 2078 in
715 2019 817 2097 Mace·v

135 2101 257 2160 doniam
284 2101 416 2160 Marcum
436 2101 584 2159 Valerium
604 2102 750 2160 Laevinum
776 2103 816 2161 ire

136 2178 294 2252 ‘uilemnt3
316 2183 347 2241 in
370 2180 529 2242 Sardiniam
549 2181 650 2242 Titum
669 2181 816 2242 Manlium

135 2203 318 2344 ll'urquatum
339 2260 539 2323 Proconsulem
560 2286 567 2320 ε
587 2283 657 2322 nam
677 2265 763 2322 etiam
782 2284 817 2323 ea

136 2343 290 2405 sufficitata
314 2344 352 2404 ab
371 2344 534 2405 Hannibale
559 2343 706 2403 Romanos
732 2343 816 2403 dese-

136 2445 237 2485 ruerat
296 2464 303 2478 ·

181 2505 278 2566 XIII.
298 2507 343 2568 Ita
365 2528 423 2566 uno
450 2526 575 2587 tempore
602 2524 722 2587 quatuor
746 2505 816 2564 locis

157 2586 318 2671 ugnabatur
337 2611 345 2644 t
364 2590 394 2646 in
416 2585 521 2658 Italiai,
547 2606 643 2645 contra
661 2585 815 2644 Hanniba-

137 2609 221 2739 lem3
248 2669 278 2727 ln
300 2667 470 2749 Hispaniis,
498 2687 595 2727 contra
620 2665 733 2726 fratrem
760 2673 819 2744 ejus

134 2747 346 2814 Hasdrubalem
357 2772 368 2823 3
383 2753 414 2810 in
425 2745 619 2821 Macedonii,
641 2769 739 2812 contra
751 2746 820 2809 Phi-
