1982 3614
224 252 289 301 ot
319 236 660 304 cassamus.
713 261 779 324 277

91 354 239 436 precipue
253 355 442 414 remotissimo
456 358 577 436 cuique,
593 359 692 417 cundia
705 355 781 418 foede

94 436 281 515 diripiebant.
301 436 393 496 Simul
412 458 546 508 annona,
569 437 657 498 Urbis
677 458 709 497 ac
727 436 780 502 sti-

93 516 315 598 pendiariorum
337 515 409 575 salus
423 518 528 587 anxis,
545 516 718 599 solliciteque
733 515 783 580 ha·

92 599 161 657 bita
175 620 186 667 3
207 593 453 679 honestiorumque
467 602 598 677 provesin
612 644 622 670 ,
641 600 696 660 &e
713 620 783 659 con·

70 688 74 695 '
93 697 141 738 tra
154 724 166 747 ,
183 675 327 757 suppliciis
339 678 473 761 flagitiosi
486 677 631 760 cujusque,
649 683 783 739 virtutum

93 757 195 818 studia
227 758 408 840 augebantur.
441 760 605 820 Veterrimae
633 761 782 843 religiones

94 838 259 899 castissime
282 858 390 898 curarae.
421 840 464 900 Ac
488 842 590 899 mirum
613 842 643 900 in
664 841 783 901 modum

38 938 41 945 ’
93 921 188 981 novis
208 917 300 979 adbuc
319 919 453 1001 cultisque
473 922 633 992 moenibus,
653 920 784 982 Romana

98 1002 233 1061 culmina
250 1009 277 1060 &
292 1020 395 1061 caterae
413 1004 492 1062 urbes
511 1021 639 1070 ornata,
661 1003 785 1062 maxime

98 1078 283 1165 Carthago,
297 1082 494 1142 Mediolanum
509 1126 518 1152 ,
532 1080 709 1142 Nicomedia.
723 1083 785 1141 Ne·

123 1183 162 1222 ue
184 1182 281 1222 tamen
297 1161 360 1221 crim
382 1160 439 1222 baec
462 1183 597 1244 agerent,
622 1181 697 1222 extra
717 1164 786 1223 vitia

98 1185 233 1303 suerunt.
261 1244 374 1323 Quippe
396 1243 545 1303 Herculius
570 1241 686 1302 libidine
709 1244 787 1303 tanti

100 1324 272 1408 agebatur,
298 1344 329 1382 ut
351 1345 386 1382 ne
407 1324 442 1382 ab
466 1322 597 1382 obsidum
623 1324 786 1404 corporibus

100 1405 226 1487 quidem
246 1406 334 1464 animi
352 1405 446 1463 labem
464 1405 666 1483 comprimeret.
691 1404 784 1464 Vale-

100 1490 150 1545 rio
174 1483 273 1565 partim
294 1483 409 1550 honesta
432 1488 461 1545 in
485 1486 593 1544 amicos
612 1483 681 1544 fides
705 1505 786 1558 erat,

101 1565 312 1628 discordiarum
330 1564 397 1626 sane
414 1585 511 1637 metu,
533 1566 600 1625 dum
617 1568 789 1626 enunciatio-

100 1649 194 1710 nibus
214 1644 288 1727 polle
301 1650 401 1729 agitari
414 1649 536 1729 quietem
550 1645 682 1707 consortii
699 1667 785 1726 putat.

101 1729 190 1790 Hinc
213 1731 298 1787 etiam
322 1732 401 1808 quasi
424 1747 557 1788 truncato
582 1732 653 1788 vires
675 1729 762 1790 Urbis
774 1723 814 1798 ,¹⁴

103 1811 265 1872 imminuto
290 1808 485 1868 Praetoriarum
514 1806 673 1867 cohortium
704 1828 787 1888 atque

101 1894 136 1951 in
158 1893 247 1949 armis
267 1890 346 1973 vulgi
359 1908 499 1958 numero,
519 1909 577 1967 quo
595 1887 711 1968 quidem
724 1889 788 1969 plu·

103 1994 150 2032 res
165 1971 267 2030 volunt
279 1972 427 2050 imperium
440 1965 566 2049 posuisse.
581 1969 714 2048 Namque
731 1971 788 2027 im-

103 2053 281 2113 minentium
307 2049 462 2121 scrutator,
489 2050 539 2108 ubi
564 2048 624 2108 fato
645 2048 787 2125 intestinas
816 2084 820 2091 ·

102 2132 230 2203 clades,
254 2141 281 2191 &
302 2133 381 2212 quasi
400 2130 543 2230 fragorem
564 2130 704 2212 quendam
726 2133 785 2190 im-

103 2214 231 2297 pendere
245 2213 381 2291 comperit
392 2210 476 2272 status
488 2212 634 2283 Romani,
648 2211 787 2271 celebrato

104 2297 192 2381 regni
208 2296 344 2353 vicesimo
362 2315 460 2364 anno,
482 2293 621 2352 valentior
640 2314 734 2352 curam
751 2293 787 2352 R.

105 2377 139 2437 P.
166 2375 291 2454 abjecit,
312 2373 374 2433 etim
393 2377 423 2433 in
441 2373 606 2434 sententiam
623 2373 786 2433 Herculium

106 2455 257 2541 aegerrime
271 2452 454 2525 traduxisset,
475 2457 520 2513 cui
535 2475 610 2512 anno
625 2451 718 2512 mimis
735 2474 788 2531 po-

106 2538 202 2597 tentia
214 2534 311 2595 fuerat.
328 2537 366 2595 Et
380 2556 554 2616 quamquam
567 2534 629 2592 aliis
644 2534 699 2592 alia
718 2531 789 2591 cesti-

89 2617 257 2677 mantibus
282 2618 340 2675 veri
361 2618 451 2698 gratia
475 2632 602 2691 corrupta
626 2615 683 2683 sir,
706 2614 789 2674 nobis

107 2718 211 2757 tamen
232 2698 377 2757 excellenti
396 2694 494 2756 naturla
514 2695 623 2754 videtur
644 2694 679 2754 ad
701 2716 786 2754 com-

108 2799 230 2840 munem
244 2784 332 2840 vitam
355 2777 445 2860 sprqto
463 2777 572 2837 ambitu
590 2772 766 2838 descendisse.
784 2796 806 2819 ¹<
