1972 3624
262 268 616 342 uarrouu
704 276 767 340 3m

90 367 186 451 gulare
211 366 287 438 fuit,
314 371 478 429 inimicitias
499 354 652 439 oblivisci,
674 368 773 441 aded,

90 470 120 509 ut
140 451 256 509 Vitellii
276 448 363 510 hostis
383 450 424 510 sui
446 450 534 511 filiam
553 452 774 531 locupletissimi

91 530 221 590 dotatam
248 529 475 612 splendidissimo
496 538 677 615 conjungeret
700 535 771 593 vito.

90 611 210 671 Petebat
229 615 365 692 patienter
381 615 540 674 amicorum
566 632 675 684 motus,
697 634 770 674 con-

91 694 217 752 tumeliis
234 713 351 766 eorum,
372 712 403 753 ut
424 714 482 754 erat
500 693 704 765 facetissimus,
726 701 773 773 jo-

92 774 235 834 cularibus
262 773 440 855 respondens,
468 775 602 856 Namque
629 776 773 837 Licinium

91 853 264 916 Mucianum
281 903 293 926 ,
340 878 377 915 uo
405 856 532 935 adjutore
561 856 597 915 ad
621 858 772 936 imperium
795 861 796 864 ’

92 953 256 1013 pervenerat
271 982 283 1006 ‚
313 877 415 996 lidum&
446 938 611 997 meritorum
643 936 770 998 insolen-

93 1033 150 1075 tem
164 1062 176 1085 ,
202 1017 295 1094 lepide
324 1019 481 1089 dedebat,
513 1016 643 1078 adhibito
674 1019 773 1099 aliquo

93 1098 203 1178 utrique
224 1095 377 1169 Familiam,
400 1099 428 1159 id
446 1121 534 1159 uuum
555 1099 648 1158 dicens
666 1123 673 1156 τ
688 1098 773 1160 Nosti

93 1196 138 1234 me
151 1179 258 1237 Virum
270 1176 331 1239 else.
344 1179 399 1240 Sed
412 1180 480 1260 quid
493 1182 596 1239 mirum
609 1182 638 1238 in
652 1182 773 1253 amicis,

93 1255 156 1317 etim
183 1261 272 1319 etiam
301 1260 531 1321 Caussidicorum
556 1261 673 1341 obliqua
697 1260 774 1322 dieta

94 1337 381 1420 &Philosophorum
407 1343 614 1401 contumaciam
639 1361 771 1402 coutem-

96 1429 194 1506 aeret?
221 1420 274 1481 lste
291 1420 461 1505 exsanguem
481 1422 529 1482 diu
546 1420 700 1504 fessumque
718 1442 777 1495 tet·¹

95 1508 188 1561 ratum
208 1504 307 1562 orbem
327 1504 406 1563 brevi
426 1502 531 1563 refecit.
554 1503 687 1585 Namque
729 1506 771 1563 ri-

97 1579 175 1641 mtim
196 1582 328 1643 satellites
347 1585 522 1665 tyrannidis,
550 1587 604 1645 nisi
624 1588 673 1664 qui
698 1526 774 1646 litte

97 1667 219 1724 atrocius
242 1666 328 1747 longe
353 1663 560 1746 processerant,
584 1668 692 1726 flectere
714 1687 771 1746 po-

98 1744 150 1803 tius
181 1747 310 1816 maluit,
340 1745 427 1827 quim
458 1750 627 1812 excruciatos
659 1748 774 1820 delere,

51 1834 58 1847 ‘
96 1825 311 1903 prudentissimi
337 1845 432 1897 tatus,
455 1827 564 1886 nefaria
585 1825 774 1887 ministeria&

98 1905 222 1983 pluribus
257 1927 335 1967 metu
370 1911 466 1967 curari.
499 1904 634 1967 Praetetei
665 1907 775 1989 legibus

41 2032 53 2055 ¹,
98 1990 261 2067 aequissimis
282 1987 445 2058 monendo,
465 1988 598 2068 quodque
615 1984 773 2048 vehemen-

98 2067 151 2127 tius
171 2067 231 2140 est,
252 2071 316 2129 vita
337 2067 428 2150 specie
449 2071 582 2129 vitiorum
602 2069 679 2148 plura
697 2069 773 2129 abo-

98 2146 212 2210 leverat.
228 2148 357 2210 Infirmus
370 2169 485 2220 tamen,
504 2153 545 2210 uti
560 2149 676 2231 quidam
690 2152 775 2231 prave

98 2248 222 2307 putant,
250 2229 377 2292 adverstis
404 2234 580 2312 pecuniam,
615 2232 678 2291 etim
709 2229 776 2292 satis

100 2310 206 2371 constet
228 2314 319 2372 aerarii
336 2312 432 2392 inopiai
450 2322 476 2375 &
494 2312 572 2372 clade
589 2313 701 2372 urbium
721 2333 777 2372 no-

98 2410 146 2451 tas
160 2414 227 2452 eum
247 2414 338 2474 neque
356 2392 450 2473 posted
467 2392 576 2453 habitas
592 2392 775 2475 vestigalium

100 2478 246 2548 pensiones
275 2471 456 2555 exquisivisse.
483 2473 540 2533 Hic
567 2474 691 2533 Romam
720 2474 789 2545 de-,

101 2550 222 2614 formem
258 2555 394 2615 incendiis
422 2554 560 2616 ueteribus
590 2576 623 2613 ac
658 2558 775 2626 ruinis,

101 2635 253 2711 permissi,
277 2639 300 2696 si
320 2636 431 2695 domini
454 2631 594 2705 deessent,
615 2635 783 2694 volentibus>

101 2714 257 2776 aedificandi
276 2717 375 2797 mpii,
394 2716 592 2796 Capitolium,
614 2715 776 2777 aedemxl’a-

101 2795 160 2866 eit,
184 2798 300 2861 Claudii
317 2817 501 2860 monumenta
519 2801 674 2879 reparavit,
695 2798 772 2859 mul-
