2056 3628
222 238 269 319 64
390 227 704 302 Eurnorrr

221 352 277 412 uni
291 349 384 410 hieme
401 359 428 411 δι
439 348 560 410 aestateb
578 348 696 410 Lucullo
715 367 827 411 centum
846 350 914 412 fere

222 434 314 493 millia
325 432 423 513 ‘Regis
442 434 564 492 extinsta
580 430 651 491 sunt.

260 513 347 574 Vll.
372 513 457 574 Anno
486 514 561 573 urbis
585 514 686 572 Romae
715 530 908 574 octxxvrrr.

221 595 425 656 Macedoniam
446 596 620 674 provinciam
640 595 684 654 M.
702 594 828 654 Licinius
843 595 911 654 Lu-

221 675 309 735 cullus
330 697 394 735 acce
416 677 463 745 it,
490 673 673 735 consobrinus
697 675 830 745 Luculli,
852 679 909 756 qui

220 777 317 816 contra
333 697 532 816 Mitsridatem
551 757 658 816 bellum
678 757 799 837 gerebat.
817 755 853 814 Et
873 758 908 817 in

222 838 307 898 Italist
318 859 425 899 novum
436 837 542 898 bellum
555 836 649 897 subiti)
664 856 840 895 commotum
854 836 908 898 est.

220 920 412 1002 Septuagenta
426 922 503 978 enim
517 938 638 1000 quatuor
651 918 838 1001 gladiatores,
853 917 909 978 du-

221 1002 301 1060 cibus
311 995 909 1081 Spartaco,Cryxo,&Oenomao‚effrac-

221 1102 252 1142 to
264 1082 371 1163 Capuae
389 1081 457 1141 ludo
467 1129 479 1152 ,
499 1079 675 1163 effugerunt:
689 1090 715 1141 &
728 1102 775 1161 per
791 1081 909 1140 Italiam

222 1182 374 1262 vagantes,
394 1164 466 1243 pene
486 1185 545 1223 non
562 1165 649 1223 levius
673 1161 780 1222 bellum
803 1164 832 1221 in
851 1162 907 1235 eal,

223 1267 309 1326 quam
323 1245 470 1305 Hannibal
483 1263 625 1315 moverat,
637 1263 802 1324 paraverunt
816 1266 822 1301 ε
837 1265 910 1304 nam

224 1328 322 1386 multis
339 1325 480 1396 ducibus,
503 1326 660 1386 &duobus
683 1326 767 1384 simul
791 1325 907 1384 Roma-

223 1428 328 1466 norum
355 1405 530 1467 Consulibus
551 1407 655 1476 vistis,
678 1403 824 1489 sexaginta
848 1405 910 1465 sere

224 1489 348 1546 millium
372 1507 544 1547 armatorum
569 1489 720 1546 exercitum
744 1507 908 1566 congrega-

223 1587 324 1627 verunt
346 1591 353 1624 z
373 1570 496 1650 victique
513 1566 577 1628 sunt
590 1571 620 1627 in
635 1568 737 1647 Apulib
758 1566 774 1626 ὲ
792 1569 835 1628 M.
849 1552 912 1627 Li-

222 1651 303 1708 cinio
327 1646 428 1710 Crasso
455 1647 639 1730 proconsule,
667 1658 693 1708 &
718 1647 779 1729 post
806 1650 913 1710 multas

226 1731 401 1790 calamitates
415 1731 525 1803 Italiae,
544 1733 626 1791 tertio
648 1752 742 1799 antro,
757 1731 833 1791 bello
844 1728 913 1790 huic

230 1810 295 1871 finis
313 1814 470 1892 impositus.

267 1893 351 1952 VIII.
375 1894 584 1954 Sexcentesimo
604 1895 782 1974 oliogesimo
813 1895 908 1974 primo

227 1974 315 2035 Urbis
338 1975 458 2035 conditae
484 1998 581 2047 annu,
606 1976 639 2036 P.
668 1974 805 2036 Cornelio
829 1976 912 2035 Len·

228 2056 289 2113 tulo
311 2064 339 2115 &
364 2056 421 2116 Cn.
445 2055 563 2117 Aufidio
591 2056 688 2116 Oreste
713 2053 914 2128 Consulibus,

229 2135 287 2194 duo
309 2138 419 2195 tannim
440 2141 538 2221 gravia
557 2138 631 2197 bella
651 2141 680 2197 in
701 2138 825 2217 Imperio
846 2138 914 2196 Pro-

229 2238 317 2276 mano
339 2236 438 2288 erant,
462 2217 691 2278 Mithridaticum
718 2227 744 2279 &
768 2219 916 2277 Macedo-

230 2299 335 2357 nicum.
351 2298 420 2358 Haec
440 2297 496 2358 duo
510 2302 622 2359 Luculli
640 2300 784 2382 agebant,
802 2301 835 2358 L.
854 2302 917 2361 Lu-

229 2380 340 2450 cullus,
362 2389 389 2439 &
408 2381 451 2439 M.
476 2382 615 2441 Lucullus.
638 2383 739 2440 Lucius
760 2401 827 2462 ergo
850 2383 915 2441 Lu-

229 2461 318 2521 cullus
337 2458 399 2538 post
418 2482 543 2543 pugnam
566 2460 764 2542 Cyz'icenam,
785 2463 843 2541 qua
865 2465 916 2522 vi-

231 2562 306 2602 cerat
324 2540 524 2602 Mithridatem
535 2567 545 2615 3
557 2552 584 2603 &
596 2544 726 2603 navalem
739 2588 747 2612 ,
762 2543 819 2623 quit
833 2541 919 2605 duces

231 2628 289 2699 ejus
315 2621 505 2703 oppresserat,
531 2622 688 2703 persecutus
710 2621 749 2682 est
770 2644 836 2682 eum
860 2648 866 2681 :
892 2634 921 2686 δι

232 2702 343 2782 receptai
357 2703 556 2787 Paphlagonii
568 2726 651 2785 atque
664 2703 816 2785 Bithynii,
832 2707 922 2764 etiam

232 2803 351 2865 regnum
373 2791 431 2865 ejus
451 2789 562 2848 invasit.
582 2788 752 2869 Sinopen&
773 2785 921 2862 Amison,
