2010 3616
270 205 455 273 Linus
495 202 601 272 VII.
727 207 772 293 87

109 321 172 400 patri
190 321 232 380 vel
252 320 328 382 fracti
348 320 399 381 suo
422 345 430 379 :
452 323 549 402 primis
573 340 669 381 tamen
692 324 772 381 annis

36 438 39 445 ι
110 401 255 463 moderatus
276 405 305 463 in
324 404 444 483 imperio
465 400 543 473 fuit3
566 424 635 461 mox
662 402 698 461 ad
723 405 772 462 in·

110 485 192 562 gentia
210 485 277 542 vitia
296 480 474 567 progrellus,
495 482 643 553 libidinis,
667 485 774 543 iracun-

110 561 172 633 diae,
191 563 384 635 crudelitatiS,
404 566 550 635 avaritiae,
572 582 681 623 tantum
700 563 773 623 inse

109 642 160 701 odii
175 646 345 715 concitavit,
365 663 397 704 ut
412 647 510 704 metita
529 653 556 704 &
574 646 701 724 patris&
719 642 775 704 fra-

109 724 149 784 uis
163 724 289 786 aboleret.
310 724 454 786 Interfecit
470 725 662 784 nobilissimos
676 745 709 785 ex
723 726 774 786 Se-

107 823 168 864 natu
184 828 191 862 x
208 805 367 867 Dominum
386 805 415 866 se
435 815 463 867 &
480 807 575 866 Deum
598 807 704 886 primus
722 827 773 886 ap·

109 885 194 962 pellari
207 890 284 965 jussit
302 912 310 944 ε
329 888 437 947 nullam
456 887 510 947 sibi
534 888 590 946 nisi
612 907 724 946 auream
747 896 774 947 &

109 985 257 1049 argenteam
276 967 396 1028 statuam
414 970 444 1029 in
456 967 604 1048 Capitolio
622 970 691 1045 poni
710 967 773 1048 pal·

110 1043 148 1105 sus
164 1046 228 1121 estp:
245 1047 430 1109 consobrinos
451 1046 515 1108 suos
535 1046 701 1107 interfecit:
723 1045 773 1108 su-

109 1127 194 1206 perbia
210 1148 324 1212 quoque
339 1129 370 1189 in
386 1149 422 1189 eo
440 1127 616 1188 exsecrabilis
631 1126 694 1187 fuit.
726 1162 735 1177 ι

142 1208 275 1273 XXIV..
286 1209 487 1297 Expeditiones
506 1226 627 1290 quatuor
650 1205 748 1268 habuit
767 1234 773 1266 z

109 1304 186 1349 unam
205 1289 351 1351 adversdm
365 1290 528 1361 Sarmatas,
548 1290 665 1349 alteram
684 1288 778 1349 adver-

110 1365 163 1428 nin
182 1371 282 1433 Cattos
304 1417 313 1442 ,
338 1370 410 1432 duas
432 1367 576 1431 adversum
597 1371 704 1430 Dacos.
731 1371 777 1431 De

110 1446 186 1512 Dacis
196 1451 295 1514 Cattis
311 1471 345 1512 ue
357 1451 497 1532 duplicem
510 1447 684 1531 triumphum
697 1454 776 1533 egit:

110 1527 140 1589 de
150 1531 278 1595 Sarmatis
290 1473 519 1592 lolamlauream
532 1528 684 1612 ustupavit.
701 1532 779 1592 Mul-

111 1627 146 1670 tas
161 1632 252 1674 tamen
273 1613 447 1674 calamitates
467 1610 567 1672 iisdem
588 1613 668 1672 bellis
689 1610 778 1691 pallus

111 1689 144 1750 est
155 1716 162 1751 ι
175 1717 241 1755 nam
257 1697 288 1755 in
301 1693 439 1757 sannatia
456 1694 532 1776 legio
547 1698 605 1772 ejus
625 1713 689 1752 cum
709 1692 779 1753 duce

110 1772 244 1838 interfecta
266 1799 278 1848 3
309 1783 336 1835 &
364 1772 382 1834 *a
405 1774 493 1834 Dacis
522 1775 631 1854 Appius
658 1773 802 1852 Sabinus·

110 1850 266 1918 Consularis
282 1864 310 1916 δι
324 1854 475 1916 Cornelius
492 1851 617 1924 fuscus,
635 1851 779 1933 ptaefedlus

109 1940 251 2012 pretorio,
279 1957 343 1997 cum
364 1937 477 2020 magnis
501 1934 674 2006 exercitibus¹
692 1936 780 1995 occisi

109 2011 172 2078 suut.
196 2019 297 2078 Romae
323 2037 437 2100 quoque
465 2016 554 2075 multa
580 2035 663 2097 opera
683 2012 777 2076 fecit:

109 2096 135 2155 in
147 2095 188 2158 liis
200 2099 399 2180 Capitolium„
414 2108 442 2160 8(
454 2097 559 2156 Forum
571 2098 777 2169 transitorium,

110 2175 242 2251 Odeum,
264 2180 406 2240 Divorum
423 2180 549 2239 Porticus
567 2173 662 2239 Iseum
679 2200 713 2239 ac
729 2179 780 2239 Se·

108 2268 216 2338 replum
227 2308 239 2332 ,
255 2267 282 2321 δι
296 2261 434 2322 Stadium.
448 2257 563 2319 Venim
582 2256 645 2318 clim
665 2258 705 2318 ob
725 2257 786 2318 sce-⁴

108 2337 160 2400 lera
178 2343 312 2403 universis
331 2340 429 2401 exosus
450 2337 502 2400 effe
521 2336 663 2420 coepillet,
688 2341 778 2399 inter-

110 2415 192 2482 fectus
208 2420 248 2482 est
266 2420 379 2483 suorum
394 2424 585 2502 conjuratione
603 2423 635 2479 in
651 2418 779 2499 palatio,

107 2519 179 2571 anno
194 2505 282 2562 aetatis
296 2503 510 2586 quadragesimo
523 2503 648 2582 quinto,
667 2501 780 2577 imperii

109 2584 341 2659 quinto-decimo.
370 2584 549 2661 Funusejus
577 2599 642 2639 cum
672 2580 780 2661 ingenti

110 2661 238 2724 dedecore
261 2684 309 2746 pet
333 2662 503 2745 vespillones
529 2679 727 2746 exportatum,
753 2671 781 2722 δι

108 2742 266 2826 ignobilitet
285 2744 324 2806 cst
338 2743 486 2828 sepultum.
