2010 3616
209 219 273 285 108
388 216 703 286 Eurnorrr

206 339 260 420 giae
286 334 390 396 indolis
406 335 506 406 {crim
526 337 673 396 oculorum
700 335 800 397 dolote
820 359 889 399 cot·

204 438 326 498 reptus,
357 416 487 478 leeticulit
521 416 696 488 veheretur,
734 418 891 499 impulsore

207 502 286 579 Apro
298 544 308 571 ,
332 501 382 581 qui
408 497 486 559 socer
512 505 571 579 ejus
600 519 678 571 erat,
697 520 745 579 per
773 502 892 563 insidias

208 579 316 640 occisus
334 579 373 639 est
394 604 401 638 z
420 590 448 641 δι
470 579 535 640 crim
555 579 624 641 dolo
643 581 832 642 occultaretur
846 585 892 660 ip·

208 663 264 724 sius
283 682 380 731 mors,
399 660 545 742 quousque
561 662 637 742 Aper
652 663 785 723 invadere
803 661 894 743 pollet

208 744 382 821 imperium,
409 742 510 803 fortore
534 742 675 804 cadaveris
702 743 815 824 prodita
842 745 891 805 est.

208 825 318 887 Milites
337 826 413 884 enim
425 871 437 895 ,
457 826 507 905 qui
526 846 590 883 eum
609 823 815 906 sequebantur,
837 826 893 886 foe-

205 924 269 965 tore
290 908 448 977 commoti,
472 905 591 966 diductis
609 907 748 967 lediiculoe
772 906 865 986 palliis
879 954 893 978 ,

228 985 270 1047 ost
290 989 399 1069 aliquot
418 988 477 1047 dies
497 1005 619 1049 mortem
639 992 697 1067 ejus
719 1006 820 1048 notam
838 986 894 1048 ha·

206 1008 274 1129 iere
292 1088 448 1149 potuerunt.
784 1144 787 1147 ,
878 1114 883 1123 .

204 1224 208 1231 η
250 1151 333 1212 ΧΙΧ.
351 1151 460 1212 Interea
481 1149 623 1221 Carinus,
639 1171 725 1232 quem
746 1148 894 1212 caesarem

210 1234 241 1294 in
261 1229 380 1294 Parthos
398 1229 573 1313 proficiscens
593 1231 685 1293 Carus
706 1234 735 1291 in
752 1232 868 1312 Illyrico
881 1278 894 1304 ,

212 1311 333 1384 Gallid,
359 1312 442 1377 Italia
460 1360 472 1383 ,
499 1314 671 1394 reliquerat,
698 1314 833 1373 omnibus
862 1312 893 1373 se

209 1393 358 1455 sceleribus
384 1397 544 1475 inquinavit
567 1418 574 1451 ε
598 1396 733 1474 plurimos
757 1396 894 1455 innoxios

212 1474 283 1536 fiais
303 1476 468 1537 criminibus
484 1475 590 1535 occidit
610 1498 617 1532 r
637 1476 820 1535 matrimonia
837 1497 894 1535 no-

211 1557 280 1616 bilia
300 1559 421 1636 corrupit
442 1556 670 1637 :condiscipulis
688 1577 822 1637 quoque,
842 1559 895 1638 qui

211 1659 277 1697 eum
296 1639 327 1697 in
349 1638 490 1699 auditorio¹
508 1638 554 1698 vel
574 1637 631 1699 levi
651 1637 820 1720 fatigatione
843 1657 893 1699 ta·

210 1737 363 1790 xavetant,
384 1716 553 1799 perniciosus
581 1719 643 1779 fuit.
666 1717 716 1779 Ob
736 1740 798 1800 quae
820 1740 894 1779 om-

210 1801 295 1865 nibus
313 1798 477 1861 horninibus
495 1799 620 1872 invisus,
641 1822 701 1860 non
720 1798 811 1861 multd
829 1801 896 1881 post

210 1904 308 1963 poenas
323 1882 408 1944 dedit.
420 1882 498 1942 Nam
512 1881 547 1941 de
559 1882 670 1942 Perside
682 1883 772 1943 victor
786 1886 896 1942 exerci-

212 1984 255 2024 tus
278 1966 407 2036 rediens,
428 1961 491 2023 crim
516 1963 623 2024 Catum
648 1962 806 2046 Augustum
828 1964 893 2023 fur-

211 2048 309 2117 mine,
330 2046 538 2107 Numerianum
552 2043 694 2106 Caesarem
707 2043 815 2104 insidiis
828 2064 895 2124 per-

211 2124 343 2196 didisset,
361 2125 574 2189 Diocletianum
590 2124 794 2206 imperatorem
814 2147 894 2187 crea·

211 2209 271 2277 vit,
284 2206 431 2269 Dalmatia
448 2207 616 2279 oriundum,
636 2210 727 2267 virum
746 2205 892 2268 obscuris·

211 2288 282 2351 sime
305 2308 405 2351 natum
432 2312 439 2346 ε
466 2285 538 2349 aded
558 2307 590 2348 ut
607 2286 624 2349 ὲ
642 2286 778 2369 plerisque
795 2286 894 2349 sctibae

116 2433 120 2439 ,
212 2368 308 2442 filius,
327 2368 344 2430 l
360 2370 503 2431 nonnullis
515 2370 635 2431 Anulini
651 2370 792 2431 Senamtis
806 2369 896 2430 liber-

212 2455 287 2515 tinus
305 2448 386 2512 fuiffe
405 2451 540 2513 credatur.

252 2533 319 2596 XX.
347 2533 376 2594 It
399 2531 490 2614 primi
509 2534 633 2593 militum
652 2535 789 2594 concione
810 2537 892 2611 juta·

211 2617 274 2686 vit,
295 2616 502 2677 Numerianum
525 2616 604 2675 nullo
627 2612 681 2674 suo
708 2614 776 2674 dolo
798 2616 892 2674 inter*

211 2695 318 2755 fedum
342 2720 349 2754 r
373 2706 401 2758 δι
429 2696 495 2758 crim
519 2701 597 2776 juxta
623 2716 688 2755 eum
718 2696 814 2775 Aper,
841 2699 896 2776 qui

168 2796 172 2805 ’
211 2775 387 2839 Numeriano
414 2778 528 2841 insidias
550 2777 678 2849 fecerat,
704 2773 896 2851 constinrfet,
