1982 3614
223 246 289 297 Μ
318 230 658 299 CAEsAaraun
711 254 778 318 229

98 350 181 420 lant,
197 368 283 430 atque
301 349 338 408 ab
357 368 392 408 eo
409 349 573 409 mandatam
591 352 702 410 interim
718 354 780 428 pri·

97 433 212 512 vigno,
230 451 316 511 quem
333 427 417 510 paulb
434 432 498 491 ante
520 434 551 490 iu
569 432 672 491 liberos
691 429 790 491 adsci:

95 531 200 582 verat,
222 532 320 571 curam
340 511 518 591 Reipublicae.

140 593 181 651 V.
199 592 247 651 Eo
260 591 349 651 modo
362 592 395 651 L.
407 591 551 651 Domitius
564 594 650 669 [narn
664 591 694 652 id
708 592 781 651 certe

78 693 208 734 »nornen
217 672 345 742 Neroni,
359 691 435 752 patre
443 673 594 741 Domitio,
607 674 674 749 erat]
689 674 782 752 Irnpe-
801 716 804 720 -

96 773 178 813 rator
194 752 286 813 faetus
303 750 350 811 est.
363 754 423 829 Qui
438 751 502 811 crim
517 754 603 834 longe
619 751 781 814 adolescens

98 834 283 894 dominatum
303 855 396 913 parem
419 836 498 893 annis
518 835 619 894 vitrico
637 831 779 916 gessiffet,

97 917 328 996 quinquennium
347 934 440 974 tamen
454 933 547 974 tantus
564 913 635 985 fuit,
652 936 688 973 au
709 914 781 974 endi

97 997 181 1058 Urbe
195 995 343 1066 maxime,
360 998 402 1055 uti
414 993 516 1056 meriti)
530 994 668 1073 Trajanus
685 935 781 1074 Papius

98 1075 267 1148 testaretur,
282 1076 379 1157 procul
395 1073 503 1136 differre
516 1079 630 1135 cunctos
642 1075 782 1155 Principes

97 1158 228 1218 Neronis
247 1160 462 1238 quinquennio3
482 1177 539 1236 quo
557 1158 641 1215 etiam
659 1157 782 1216 Pontum

98 1241 130 1298 in
157 1243 203 1317 jus
234 1241 412 1318 provinciae,
439 1238 601 1296 Polemonis
624 1232 782 1315 permillu,

99 1319 171 1378 rede
194 1321 238 1389 ἐς
253 1324 329 1398 cujus
347 1317 436 1401 gratiis
451 1318 665 1377 Polemoniacus
677 1317 783 1376 Pontus

99 1340 262 1480 appellatur
276 1422 285 1469 3
303 1403 426 1479 itemque
440 1397 552 1460 Cottias
563 1397 665 1476 Alpes,
680 1396 782 1458 Cottio

99 1501 171 1564 rege
190 1499 312 1540 mortuo.
331 1480 428 1556 Quare
446 1476 512 1539 satis
530 1498 705 1557 compertum
725 1498 780 1539 ne-

100 1583 158 1701 que
180 1564 272 1621 aevum
292 1560 496 1641 impedimento
513 1560 609 1619 virtuti
625 1555 697 1630 effe,
717 1580 781 1619 eam

114 1642 191 1702 acile
210 1662 316 1701 mutan
332 1687 342 1712 ,
360 1660 487 1721 corrupto
506 1661 553 1720 per
568 1641 715 1700 licentiam·
731 1642 781 1700 in·

99 1725 214 1807 genio,
233 1718 416 1819 omissamque
431 1720 621 1781 adolescentiae
639 1723 720 1803 quasi
740 1722 782 1779 le-

99 1825 194 1886 gem,
214 1805 390 1883 perniciosius
408 1805 501 1882 repeti.
520 1802 653 1880 Namque
672 1822 706 1860 eo
726 1800 780 1860 de·

100 1885 372 1963 decore.reliquurn
397 1884 461 1942 vitae
485 1883 571 1963 egit,
597 1883 640 1938 uti
663 1882 782 1962 pigeat,

99 1965 264 2046 pudeatque
293 1984 448 2023 memorare
481 1959 642 2040 hujusmodi
676 1980 781 2042 quern·

98 2066 192 2127 quam
207 2090 218 2115 ‚
236 2044 340 2105 nedum
360 2047 495 2104 rectorem
518 2043 670 2124 gentium,
693 2037 781 2103 fuill‘e.

99 2129 167 2204 Qui
189 2124 259 2186 (lum
277 2122 393 2204 psallere
418 2142 597 2204 peremtus,
616 2121 781 2183 Graecorum

39 2203 43 2211 ’
99 2210 223 2267 invento
242 2252 252 2278 ‚
272 2208 303 2265 in
328 2225 467 2265 certarnen
492 2224 601 2263 coronat
627 2201 782 2283 coepiffet3

100 2286 137 2348 ei>
158 2283 314 2370 progrellus
333 2284 399 2356 est,
422 2289 463 2345 uti
481 2305 570 2365 neque
591 2281 668 2355 suae,
689 2303 781 2364 neque

99 2370 229 2429 aliorum
254 2367 391 2447 pudicitiae
414 2387 548 2447 parcens,
568 2364 605 2424 ad
625 2383 781 2424 extremum

100 2451 227 2510 amicius
247 2449 411 2508 nubentium
431 2449 572 2529 virginum
593 2442 704 2523 specie,
724 2460 778 2523 pa·

101 2528 165 2590 lim
176 2529 302 2599 Senatu,
317 2527 382 2589 dote
398 2526 484 2597 dati,
497 2527 603 2585 cunetis
619 2522 688 2584 festa
703 2543 782 2583 more

100 2610 332 2680 celebrantibus,
351 2611 381 2668 in
399 2606 693 2668 manum'conveniret
709 2605 783 2663 lelio

101 2713 137 2751 ex
160 2691 294 2750 omnibus
331 2689 489 2771 rodigiosis.
506 2684 593 2762 Quod
614 2683 679 2744 sane
697 2687 725 2743 in
736 2705 783 2744 ·eo

103 2774 284 2851 [narrantur
307 2710 409 2832 lielera
428 2768 575 2844 Neronis]
600 2766 686 2828 levius
706 2764 781 2828 xsti-
