1982 3614
72 295 77 301 ”
128 354 131 360 .
191 297 628 368 DuCAEsAntavs.
681 306 744 398 zar

81 428 140 469 vota
158 412 338 485 cedentibus,
359 436 437 473 more
457 412 609 474 hominum
621 461 633 485 ,
655 413 752 476 secun·

82 490 262 566 dissolutior,
286 516 344 555 rem
361 496 523 555 Romanam
542 497 622 577 quasi
638 496 753 556 naufra-

83 573 125 651 gio
142 572 238 643 dedit,
259 597 324 635 cum
340 577 477 637 Salonino
495 575 576 648 filio,
598 580 642 635 cui
660 573 751 637 hono·

82 653 270 716 tem'Caesatis
293 658 471 728 contulerat,
495 655 568 717 adei>
592 659 632 715 uti
651 654 751 718 Thra·

84 732 148 791 ciam
169 733 261 795 Gothi
283 737 369 797 libers
391 739 551 818 progressi,
576 737 752 800 Macedonas

83 811 245 897 Achaosque
267 825 295 877 &
316 818 390 877 Asiae
413 815 534 876 finitima
560 839 751 897 occuparent3

82 891 314 974 Mesopotamiam
340 895 461 970 Parthi3
490 899 602 958 Orienti
630 900 752 960 latrones

85 968 125 1030 seu
150 978 248 1037 mulier
274 979 493 1049 dominaretur3
525 980 752 1040 Alamannorum

84 1054 121 1113 vis
136 1073 206 1116 tunc
222 1081 243 1119 κ
265 1060 300 1120 uc
323 1060 434 1119 Italiam
454 1081 463 1130 3
484 1060 656 1118 Francorum
680 1081 752 1153 gen-

85 1150 139 1205 tes,
161 1136 216 1197 dire
237 1160 266 1208 ta
288 1139 408 1212 Gallu,
430 1137 600 1220 Hispaniam
622 1140 752 1219 posside-

85 1232 157 1287 rent,
176 1163 284 1280 saliatu
302 1244 335 1282 ac
352 1222 422 1300 pene
441 1221 549 1299 direpto
559 1219 755 1281 Tarraconen-

79 1296 149 1355 ⁴sium
165 1302 293 1381 oppido,
316 1300 460 1382 nasusque
480 1303 509 1359 in
529 1319 654 1380 tempore
673 1305 755 1361 navi·

87 1375 133 1455 giis
159 1399 219 1458 pars
247 1386 278 1443 in
306 1382 393 1464 usque
417 1381 545 1441 Africam
573 1401 727 1461 permearet
740 1389 769 1453 ,'

87 1462 111 1513 &
136 1460 229 1523 amissa
259 1484 336 1524 trans
368 1460 494 1531 Istrum,
525 1482 587 1541 quac
616 1462 755 1543 Trajanus

88 1541 227 1613 quaesierat.
245 1545 290 1604 Ita
303 1546 383 1624 quasi
397 1547 486 1603 ventis
499 1541 622 1623 undique
639 1540 755 1604 savien-

88 1616 174 1692 tibus,
192 1628 286 1704 parvis
306 1625 454 1696 maxima,
477 1626 535 1683 ima
553 1621 670 1683 summis
687 1626 756 1684 orbe

88 1711 142 1757 toto
158 1705 354 1766 miscebantur.
373 1706 463 1766 Simul
485 1724 517 1762 uc
531 1704 656 1763 Romam
672 1703 757 1784 pesti·

83 1773 165 1840 -lentia
180 1785 369 1868 grassabatur,
388 1808 449 1867 quae
464 1727 537 1864 sape
553 1787 624 1844 curis
641 1787 756 1868 gravio·

88 1857 183 1935 dhus,
212 1888 297 1951 atque
324 1868 414 1926 animi
442 1863 632 1945 desperatione
658 1867 755 1928 oritur.

88 1933 156 2000 Inter
167 1942 224 2007 hac
238 1947 297 2031 ipse
310 1942 449 2027 popinas,
469 1943 627 2028 ganeasque
641 1944 757 2017 obiens,

88 2015 212 2086 lenonum
225 2052 259 2090 ac
276 2031 446 2088 vinariorum
467 2027 598 2085 amicitiis
612 2022 734 2085 harebat
743 2072 757 2098 ,

90 2108 219 2180 expositus
244 2111 386 2172 Saloninae
416 2108 531 2190 conjugi
555 2125 639 2188 atquc
665 2109 758 2168 amori

88 2177 221 2263 flagitioso
239 2191 305 2250 filiae
324 2190 414 2249 Attali
432 2189 640 2248 Germanorum
660 2189 758 2269 regis,

89 2256 157 2340 Pipa
170 2275 294 2332 nomine.
309 2269 376 2347 Qui
389 2268 470 2329 caussa
484 2271 570 2327 etiam
584 2268 679 2346 civiles
692 2289 759 2327 mo·

91 2356 129 2399 tus
144 2346 227 2433 longe
247 2353 396 2412 atrociores
416 2352 481 2408 orti.
503 2349 637 2429 Namque
654 2349 759 2427 primus

88 2429 210 2491 omnium
224 2432 392 2503 Postumus,
414 2432 463 2511 qui
482 2428 554 2488 forte
568 2428 695 2487 Barbaris
711 2448 759 2507 per

86 2500 209 2571 'Galliam
234 2513 425 2595 praesidebat,
453 2509 605 2589 Imperium
634 2526 760 2645 ereptum

91 2580 176 2660 ierats
201 2593 369 2675 explosique
393 2592 601 2653 Germanorum
627 2589 759 2673 mutitu-

91 2660 169 2740 dine,
187 2673 222 2735 L.
234 2675 346 2739 AEliani
362 2673 437 2732 bello
453 2672 608 2749 excipitur,
628 2689 685 2748 quo
701 2689 760 2730 nou

91 2745 176 2810 miuus
193 2754 310 2816 feliciter
331 2752 415 2824 fuso,
438 2750 552 2811 suorum
570 2749 691 2809 tumultu
710 2769 761 2829 pe·-

90 2824 160 2902 sfil·
183 2836 261 2916 quod
287 2833 479 2920 flagitantibus
507 2831 760 2917 Moguntiacoruut
