1982 3614
231 262 299 314 212
379 242 497 312 Aur.
526 243 741 313 Vrcron

229 369 278 424 vit.
301 362 379 423 Sulla
398 382 464 420 eum
489 362 584 441 praelio
604 364 694 432 vicit,
716 354 824 421 classem
853 365 912 439 ejus

224 443 391 525 proditione
404 439 535 502 Archelai
549 443 717 522 intercepit3
733 441 823 523 ipsum
837 442 911 522 apud
975 460 976 465 ¹

224 521 450 584 Orchomenum
468 521 605 604 oppidum
620 521 693 582 fudit
710 532 738 582 &
755 524 910 603 oppressit,

191 602 195 611 ’
232 613 260 664 &
276 606 368 684 potuit
384 622 501 683 capere,
521 605 597 673 nisi,
617 602 764 664 adversum
780 602 907 664 Marium

232 683 388 754 festinans,
435 685 638 765 ualemcunque
662 705 762 764 pacem
789 703 908 763 compo·

233 786 300 824 nere
316 706 460 826 maluisset.
484 764 595 824 Deinde
612 785 676 823 eum
693 763 808 825 Cabiris
823 760 909 823 resis-

233 864 340 905 tentem
356 846 487 904 Lucullus
509 844 591 904 fudit.
613 842 796 904 Mithridates
816 841 910 924 posti

233 926 373 1007 Pompeio
392 929 542 985 nocturno.
555 926 649 1004 praelio
673 927 788 996 vibius,
811 929 841 984 in
863 944 908 982 re-

235 1021 324 1089 gnum
342 1005 494 1088 confugit,
505 1007 560 1065 ubi
576 1026 623 1084 per
641 1003 808 1064 seditionem
824 1027 860 1085 po
878 1024 909 1063 u·
976 1078 977 1081 Ἴ

235 1089 338 1148 larium
359 1085 375 1146 *a
390 1084 532 1146 Pharnace
551 1083 611 1145 lilio
630 1088 660 1145 in
678 1105 750 1145 turre
768 1027 909 1155 obsessis,
976 1084 977 1087 ’

235 1190 376 1229 venenum
396 1166 520 1246 sumpsit
544 1166 633 1244 Quod
654 1164 718 1225 crim
740 1165 842 1226 tarditis
863 1166 907 1224 bi·

237 1251 335 1322 beret,
352 1252 419 1330 quia
434 1245 580 1309 adversum
597 1268 705 1307 venena
724 1248 819 1307 multis
834 1242 907 1306 antei

237 1330 471 1390 medicaminibus
485 1349 582 1408 corpus
595 1326 741 1400 firmitur,
760 1324 905 1387 immissum
977 1332 978 1383 ὲ

237 1408 420 1491 percussorem
443 1410 560 1470 Gallum
584 1407 732 1469 Sithocum
754 1411 908 1469 auctoritate
977 1404 978 1443 l

238 1490 331 1551 vultis
356 1493 484 1550 territum
512 1494 678 1559 revocavit,
705 1499 733 1549 ἃ
757 1493 788 1550 in
813 1489 907 1550 caedem
977 1508 978 1557 i

233 1569 322 1641 luam
342 1593 458 1631 manum
477 1569 639 1650 trepidantis
659 1570 775 1649 adjuvit.
977 1582 978 1589 ’

279 1652 431 1711 LXXVII.
455 1651 512 1712 Cn.
531 1652 682 1732 Pompeius
698 1651 847 1734 Magnus,
869 1652 906 1709 ci·

240 1733 292 1791 vili
312 1733 388 1793 bello
406 1732 489 1792 Sulla:
508 1752 600 1812 partes
622 1730 753 1802 secutus,
776 1736 814 1791 ita
835 1753 850 1790 e
871 1734 908 1802 't,

238 1830 272 1872 ut
300 1814 336 1873 ab
368 1834 402 1872 eo
435 1814 558 1872 maxime
579 1812 759 1895 diligeretur.
792 1813 823 1873 Si
841 1815 909 1871 “am

237 1897 299 1954 tine
318 1895 394 1954 bello
414 1891 603 1974 ‘aproscripris
619 1896 730 1973 recepit.
749 1893 909 1953 Numidiam

241 1974 355 2035 Hiarba
376 1993 522 2055 ereptam,
543 1972 695 2035 Masinilsae
714 1973 840 2048 restituit.
859 1975 908 2033 Vi·

263 2057 315 2114 inti
335 2053 382 2115 sex
405 2077 495 2115 annos
513 2075 593 2115 natus
613 2053 805 2135 triumphavit
829 2056 907 2135 Lepi·

239 2074 312 2194 dum
335 2139 398 2195 acta
411 2136 493 2196 Sullae
509 2134 662 2196 rescindere
677 2136 842 2206 volentem,
860 2138 909 2214 pri-¹

241 2236 322 2276 vatus
337 2214 420 2276 Italii
437 2215 555 2298 fugavit.
577 2218 679 2276 Praetor
701 2219 731 2275 in
749 2214 909 2296 Hispaniam

241 2317 293 2378 pro
303 2295 475 2357 Consulibus
487 2294 579 2356 missus
590 2298 743 2357 Sertorium
755 2299 831 2356 vicit.
844 2297 910 2356 Mox

262 2380 344 2438 iratas
361 2380 432 2437 intra
465 2377 690 2459 uadragesimum
707 2377 782 2436 diem
802 2376 910 2460 subegit.

241 2399 398 2543 lsigranem
429 2399 465 2517 ad
492 2457 664 2517 deditionem
682 2498 706 2528 ,ι
721 2455 912 2518 Mithridatem

194 2554 199 2563 '
239 2541 279 2599 ad
300 2560 439 2601 venenum
456 2538 601 2619 compulit.
624 2538 735 2598 Deinde
756 2537 827 2597 miri
849 2538 911 2597 feli·

241 2621 327 2679 citate
343 2643 417 2679 nunc
431 2623 460 2679 in
471 2620 663 2699 Septentrione
677 2619 825 2688 Albanos,
844 2618 912 2679 Col-

239 2697 330 2769 chos,
341 2698 524 2771 Heniochos‚
539 2697 677 2780 Caspios,
692 2700 833 2769 Hiberos,
843 2714 912 2759 nunc

186 2830 188 2835 ⁴
243 2780 275 2839 in
296 2781 414 2842 Oriente
435 2779 552 2843 Parthos
563 2824 575 2852 ,
601 2781 732 2853 Arabas,
760 2796 840 2862 atquc
860 2781 912 2843 Ju-
978 2846 979 2853 χ
