2010 3616
213 243 257 330 9⁸
365 236 701 309 >Bemmari

251 356 349 421 XIX.
376 358 493 420 Severus
518 376 614 420 autem
642 378 738 441 prater
762 360 906 426 bellicam

212 442 355 526 gloriam,
369 442 456 500 etiarn
470 440 708 521 civilibusstudiis
723 443 811 503 clarus
822 442 906 517 fuit,

211 533 239 584 δι
249 522 349 583 litteris
358 520 685 602 dolius,'Philosophiae
696 521 842 584 scientiam
860 527 906 587 ad

231 605 327 663 lenum
356 603 480 684 adeptus.
509 604 707 665 Novissimum
733 606 839 665 bellum
865 609 902 668 in

186 625 357 769 sBritanniis
378 682 478 745 habuit
498 707 505 743 a
525 705 610 768 utque
631 705 755 767 receptas
778 689 903 767 provin*

212 768 270 827 cias
286 767 368 825 omni
386 764 530 826 securitate
553 769 700 838 muniret,
719 768 824 830 vallum
847 790 903 850 per

212 840 409 930 triginta‘duo
433 849 525 908 millia
554 845 680 928 passuum
709 846 726 909 *a
756 852 826 909 mari
857 853 900 911 ael

211 949 290 989 mare
307 928 431 989 deduxit.
451 928 579 991 Decessit
594 930 719 989 Eboraci
738 928 899 995 admodum

210 1009 320 1084 senex,
342 1012 453 1091 imperii
473 1033 549 1071 anno
571 1022 642 1071 xvi.
675 1008 770 1070 mense
788 1014 897 1085 tertio3

214 1101 242 1154 &
263 1092 356 1153 Divus
375 1092 530 1173 appellatus
553 1090 611 1152 est:
632 1112 701 1152 nam
724 1091 798 1152 filios
823 1092 906 1155 duos-

212 1171 378 1235 suceeffores
405 1173 546 1255 reliquit,
575 1174 741 1234 Bassianum
771 1182 798 1234 δι
828 1173 897 1236 Ge-

212 1274 272 1315 tam
298 1278 305 1312 :
334 1253 382 1316 sed
409 1241 545 1316 Bassiano
576 1253 717 1316 Antonini
744 1275 851 1316 nornen
879 1255 906 1316 a

213 1337 319 1415 Senatu
349 1335 440 1397 voluit
465 1337 602 1416 imponi:
622 1337 718 1416 iraque
743 1335 832 1396 dietus
857 1335 899 1395 est

212 1417 258 1477 M.
279 1417 409 1477 Aurelius
429 1418 591 1477 Antoninus
611 1416 758 1478 Bassianus
769 1439 779 1487 3
804 1420 895 1496 patri-

213 1514 269 1579 que
295 1495 433 1557 successit.
459 1498 538 1558 Nam
561 1496 636 1558 Geta
658 1495 746 1557 hostis
768 1498 903 1579 publicus

213 1577 375 1662 judicatus,
393 1576 543 1638 confestim
562 1579 652 1658 periit.

255 1660 323 1720 XX.
343 1660 460 1723 Marcus
483 1662 570 1742 igitur
586 1659 717 1721 Aurelius
736 1658 903 1723 Antoninus

214 1742 387 1814 Bassianus,
415 1740 492 1801 idem
514 1762 550 1800 ue
578 1739 755 1811 Caracalla,
784 1761 900 1803 morum

215 1822 275 1884 fere
295 1840 477 1904 paternorum
531 1825 573 1893 't3
597 1820 682 1902 paulo
704 1819 846 1900 asperior,
871 1832 900 1884 δε

215 1907 323 1965 minax.
343 1905 424 1986 Opus
444 1904 544 1969 Roma
564 1904 709 1987 egregium
728 1901 796 1963 fecit
813 1905 900 1963 lava-

216 1988 277 2057 eri,
300 2007 362 2066 quae
382 1986 584 2047 Antoniniana
607 1984 807 2065 appellatorum
825 1983 902 2046 nihil

216 2084 347 2148 praterea
365 2067 560 2128 memorabile.
579 2064 733 2145 Impatiens
751 2064 903 2138 hbrdrnrs3

220 2148 313 2229 utqui
328 2168 479 2207 novercam
494 2145 574 2208 suam
594 2147 699 2207 Juliasn
718 2166 831 2205 uxorem
849 2146 904 2206 du-

217 2230 298 2290 xerit.
309 2227 466 2294 Definstus
478 2226 517 2288 est
527 2230 557 2288 in
567 2227 715 2289 Osdroene
727 2226 802 2307 apud
812 2226 906 2287 Edes-

219 2307 301 2382 sam,
320 2309 440 2370 moliens
450 2307 595 2371 adversim
607 2307 725 2369 Parthos
742 2308 905 2388 expeditio-

219 2412 305 2463 nem,
320 2413 397 2451 anno
411 2393 521 2472 imperii
534 2389 611 2450 sexto
624 2437 632 2461 ,
647 2387 742 2450 mense
759 2387 905 2463 secundo,

219 2476 268 2536 vix
286 2470 404 2557 egiarius
419 2475 507 2533 aetatis
524 2473 772 2556 quadragesimum
787 2474 904 2533 tertium

220 2577 328 2616 annum
352 2579 358 2614 :
378 2554 474 2614 funere
494 2554 607 2634 publico
630 2556 717 2613 elatus
738 2551 786 2612 est.

263 2635 360 2698 XXI.
389 2636 502 2715 Opilius
526 2632 627 2697 deinde
652 2635 823 2709 Macrinus,
872 2636 905 2694 ui

220 2716 365 2798 praefeeius
382 2719 510 2795 praetorio
528 2735 607 2789 erar,
624 2737 688 2776 cum
706 2713 767 2774 filio
786 2655 905 2783 Diaiuf

166 2811 169 2817 '
224 2817 310 2859 meno
333 2795 403 2857 faoi
430 2797 635 2879 Imperatores,
658 2793 731 2861 nihil
751 2815 905 2858 memorae
