1972 3624
146 362 148 367 .
240 316 592 371 tertuum
685 323 746 390 3ss

67 419 168 492 resta,
186 419 298 501 proruis
318 440 349 480 ut
367 439 452 501 prope
468 417 567 489 nihil,
630 417 749 480 osum-

64 505 124 562 mis
142 504 298 583 angoribus
315 503 396 561 atteti
411 502 545 561 mortales
563 499 595 561 so
607 520 676 571 ent,
695 501 753 560 dici

69 582 173 643 seusu
195 585 258 641 itari
278 601 387 663 queat,
432 581 488 642 uod
507 604 565 641 non
585 580 636 641 illo
654 583 750 663 impe-
800 646 803 650 Δ

69 682 150 724 tante
166 604 291 723 faviens.
304 662 403 723 Credo
411 603 550 722 bivinum
565 663 751 734 attributum,

68 765 117 815 ut,
134 743 202 803 dum
221 743 319 803 mundi
337 744 381 803 lex
399 789 408 814 ,
430 742 478 802 seu
496 762 618 816 natura,
637 744 751 804 aliudve

68 825 140 906 quid
160 825 336 884 Hominibus
354 825 532 907 incognitum
573 825 668 906 ‘gnit‚
692 844 753 883 rec·

70 924 167 965 tutum
188 905 312 965 consiliis
328 922 477 986 tamquam
497 926 542 963 me
563 907 642 965 icinae
663 926 753 965 reme·

70 987 126 1046 diis
148 987 298 1046 leniantur.
324 986 350 1045 is
372 989 562 1125 propinTum
587 984 667 1046 suum
687 986 751 1047 Lu-

70 1069 148 1125 cium
163 1067 291 1127 Annium
304 1067 414 1125 Vemm
429 1111 439 1136 ,
461 1088 478 1125 a
513 1068 556 1125 im
576 1068 625 1126 etii
644 1085 753 1146 partem

71 1169 152 1207 novo
178 1148 380 1207 benevolentia
409 1166 510 1230 genere
536 1087 662 1206 aiseivit.
691 1148 755 1225 Qui

71 1229 165 1287 Verus
187 1231 259 1287 inter
287 1229 417 1287 Altinum
446 1246 529 1308 atque
554 1227 752 1290 Concordiam

71 1312 125 1368 iter
142 1308 273 1377 faciens,
297 1310 354 1367 ietu
375 1304 541 1389 sanguinis,
566 1328 651 1389 quem
673 1330 753 1369 mor-

71 1389 142 1447 bum
160 1389 253 1449 Greci
271 1390 442 1467 duraturo
457 1406 582 1459 vocant,
601 1388 752 1449 undecimo

73 1471 186 1549 imperii
208 1489 283 1528 anno
303 1467 450 1527 exstinstns
473 1466 520 1527 est.
548 1468 751 1542 Carminum,
821 1484 824 1495 “

75 1550 199 1610 maxime
222 1550 436 1633 Tragicomm,
460 1547 620 1621 studiosus,
643 1553 753 1633 ingenii

74 1628 167 1710 asperi
194 1648 277 1712 atque
305 1628 411 1689 lascivi.
440 1628 506 1689 Post
532 1634 609 1709 cujus
640 1632 752 1692 obitum

73 1712 191 1773 Marcus
200 1713 361 1771 Antoninus
377 1711 595 1793 Rempubiicam
612 1710 685 1771 soius
704 1731 751 1772 te-

75 1794 146 1852 nuit.
183 1792 212 1853 Α
241 1793 379 1873 principio
406 1794 470 1851 vitae
499 1793 753 1872 tanquiiiissimus,

75 1869 173 1944 adeb,
197 1891 228 1931 ut
248 1872 284 1930 ab
298 1869 420 1930 infantia
436 1872 546 1931 vuitum
562 1890 614 1931 nec
631 1892 664 1931 ex
682 1894 754 1955 gau-

74 1954 153 2022 dio,
179 1973 230 2012 nec
252 1972 286 2010 ex
311 1972 432 2010 moerore
453 1955 627 2031 mutaverit:
648 1951 754 2013 Phiio-

75 2030 182 2113 supbiae
203 2030 336 2102 ibrdens,
356 2033 566 2115 iitoermmnque
588 2033 754 2094 Graecarum

74 2115 268 2194 peritissimus.
281 2113 339 2172 Hic
354 2114 478 2192 permisit
490 2115 557 2173 viris
571 2113 752 2185 elatioribus,

75 2213 107 2254 ut
129 2195 261 2252 convivia
286 2193 388 2252 eodem
409 2194 508 2264 cuitu,
532 2212 590 2275 quo
616 2193 698 2274 ipse,
727 2204 755 2255 &

74 2273 209 2334 ministris
234 2274 372 2333 simihbns
398 2273 569 2334 exhiberent.
600 2274 659 2334 Hic
689 2273 753 2335 crim

74 2357 176 2416 aererio
194 2352 328 2414 exhaustu
348 2356 534 2437 largitiones,
558 2376 626 2437 quas
645 2358 751 2417 militi·
815 2362 818 2369 “

73 2437 127 2495 bus
143 2435 340 2515 impenderet,
363 2456 421 2494 non
441 2433 576 2506 haberet,
598 2456 688 2517 neque
708 2441 754 2497 in-

75 2518 167 2576 dicere
193 2516 410 2596 prouintiaiibns
434 2535 482 2576 aut
504 2516 619 2577 Senatui
644 2518 753 2597 aliquid

75 2597 186 2665 vellet,
211 2594 424 2655 instrumentum
444 2599 515 2680 regii
539 2596 652 2667 cultris,
677 2598 754 2658 faut

76 2679 106 2736 in
126 2676 192 2736 foro
210 2676 328 2750 Traiani
345 2675 492 2746 stelione,
513 2676 662 2747 distraxit,
685 2678 752 2739 vasa

75 2779 186 2827 aurea,
213 2760 313 2838 pocula
337 2756 492 2839 crystallina
520 2768 547 2819 &
574 2756 719 2820 murrhina
740 2806 753 2832 ,

75 2841 205 2899 uxoriam
225 2859 258 2899 ac
280 2837 360 2900 suam
381 2837 497 2900 beticam
516 2849 544 2900 δι
567 2860 681 2913 auream
698 2863 751 2903 ve·

561 2920 632 3000 on
