2010 3616
246 293 314 344 tto
423 246 741 340 Eurnotrr

241 395 333 534 prium
356 390 533 462 litterarum,
561 391 616 450 nisi
637 387 800 472 grandaevus
821 396 849 448 δι
866 393 924 469 jam
994 380 995 449 ]

258 492 419 553 mperator,
441 473 586 550 acceperit.

283 554 340 613 XI.
363 553 418 613 Sed
437 550 673 622 d·Coustantio,
696 553 748 632 qui
772 549 809 610 ad
831 552 921 611 ultio·
994 580 995 583 ¹

241 655 308 697 nem
324 634 450 695 fratemae
468 636 543 693 necis
558 634 665 692 bellum
680 632 776 693 Civile
791 653 921 692 commo-

242 736 343 787 verat,
367 716 536 797 abrogatum
563 714 603 773 est
630 715 801 773 Vetranioni
827 716 919 793 impe-

241 800 315 856 tium
337 819 343 854 ε
365 800 414 877 qui
431 817 508 855 novo
526 797 715 876 inusitatoque
734 815 834 864 more,
857 816 922 855 con·

242 876 324 939 sensu
339 880 485 946 militum,
506 876 646 957 deponere
668 878 778 958 insigne
795 876 923 956 compul-

242 957 287 1019 sus
318 956 365 1019 est.
394 959 494 1018 Romae
524 979 638 1039 quoque
667 958 802 1017 tumultus
835 956 922 1029 fuit,

243 1040 429 1120 Nepotiane,
450 1039 631 1113 Constantini
653 1037 753 1097 sororis
775 1036 857 1108 filio,
875 1058 922 1117 per

242 1122 442 1205 gladiatoriam
456 1142 573 1180 manum
587 1122 735 1199 imperium
750 1118 898 1178 invadente
913 1141 921 1177 t

243 1206 294 1284 qui
311 1201 389 1262 saevis
407 1202 530 1262 exordiis
552 1202 671 1284 dignum
696 1204 802 1259 exitum
827 1203 923 1260 nudius

243 1281 283 1342 est
308 1286 472 1366 :vigesimo
504 1285 579 1342 enim
602 1301 686 1363 atque
710 1285 814 1341 odlavo
840 1280 885 1340 die
908 1280 925 1341 d

243 1365 458 1447 Magnentianis
486 1363 603 1424 ducibus
629 1359 797 1443 oppressus,
829 1383 925 1442 poenas

244 1445 346 1505 dedit:
368 1464 505 1527 caputque
519 1451 577 1525 ejus
597 1445 656 1525 pilo
675 1465 722 1524 pet
739 1443 851 1504 Urbem
872 1446 924 1502 cir-

243 1528 399 1586 cumlatum
426 1526 493 1586 est:
519 1528 688 1609 gravissImae
709 1522 925 1607 proscriptiones

245 1615 273 1668 dc
289 1608 429 1667 nobilium
447 1606 533 1667 taedes
552 1606 672 1667 fuerunt.

284 1688 363 1748 XII.
385 1689 454 1750 Non
472 1685 564 1748 multd
579 1686 642 1768 post
653 1688 839 1771 Magnentius
852 1686 925 1767 apud

244 1768 385 1830 Murciam
402 1772 565 1852 profligatus
581 1772 641 1829 acie
661 1766 722 1839 est,
744 1791 778 1828 ac
795 1769 868 1848 pene
883 1790 926 1828 ca·

231 1869 307 1930 ptus
331 1875 337 1908 τ
360 1854 487 1934 ingentes
508 1851 635 1911 Romani
661 1852 772 1930 imperii
797 1851 871 1910 vires
894 1848 925 1908 ei

242 1930 428 1992 dimicatione
446 1930 618 2011 consumptae
636 1929 721 2001 sunt,
741 1931 777 1990 ad
794 1931 927 2011 quaelibet

244 2012 318 2073 bella
330 2027 450 2081 externa
462 2016 591 2083 idoneae,
609 2034 671 2094 quae
689 2013 810 2071 multum
826 2014 927 2071 trium-

243 2088 366 2172 phorum
400 2092 507 2175 possent
544 2091 752 2172 securitatisque
789 2091 924 2152 conferre.

243 2172 357 2234 Orienti
382 2195 449 2234 mot
469 2173 486 2234 ὲ
506 2174 677 2236 Constantio
691 2172 787 2235 Caesar
807 2171 847 2232 est
868 2174 921 2233 da-

242 2272 287 2313 tus
300 2301 309 2325 ‚
328 2259 417 2335 patrui
435 2255 625 2316 liliueGallus
641 2279 648 2312 ε
662 2253 922 2337 Magnentiusque‚

243 2334 358 2397 diversis
378 2338 477 2418 praeliis
490 2340 602 2407 vitius,
622 2338 682 2395 vim
695 2339 759 2396 vitae
777 2334 832 2395 suat
850 2332 920 2415 apud

242 2416 415 2500 Lugdunum
439 2418 555 2488 attulit,
577 2419 688 2499 imperii
712 2439 789 2477 anno
815 2418 922 2486 tertio,

241 2497 339 2559 mense
357 2499 478 2580 septimo
497 2521 504 2556 ε
524 2498 608 2558 frater
626 2518 740 2580 quoque
755 2502 816 2577 ejus
832 2499 921 2557 Seno-

242 2582 304 2649 nis,
329 2603 415 2662 quem
442 2580 480 2642 ad
506 2580 623 2641 tuendae
648 2580 758 2641 Gallias
783 2576 919 2641 Caesarem

215 2658 365 2734 ,miserat
785 2700 788 2707 ι

283 2741 382 2803 ΧΙΙΙ.
404 2743 456 2803 Per
470 2740 528 2803 lraec
547 2761 675 2825 tempora
693 2743 780 2802 etiam
798 2739 814 2801 d
829 2732 920 2801 Cons-

243 2825 335 2883 tantio
347 2868 359 2898 ,
385 2825 480 2885 multie
505 2827 667 2889 inciuilibut
695 2822 801 2908 gestis,
825 2819 920 2882 Gallus
951 2834 954 2841 ·

831 2897 921 2963 Caesar
