1982 3614
195 306 261 357 na
294 289 632 357 carnalitur.
685 308 749 373 223

70 426 135 481 rus,
153 429 216 491 quae
238 408 306 477 odio
329 426 407 466 erant
427 429 436 477 3
458 408 574 490 ingenio
596 404 632 465 ad
653 426 754 487 repen-

70 495 131 551 tina
147 489 236 573 longe
255 490 361 548 acriore
376 510 387 558 3
400 487 483 547 bortis
505 491 590 548 initiis
603 487 679 546 idem
692 508 757 568 per-

69 569 218 640 niciosus,
231 571 429 652 quaesitissimis
442 571 472 628 in
485 590 601 629 omnem
613 568 672 628 fere
682 587 755 628 aeta-

69 670 129 712 tem
149 650 303 733 sexumque
323 649 509 720 libidinibus3
531 669 614 731 atque
634 648 756 711 atrocius

68 736 189 814 puniens
205 730 349 802 insontes,
365 728 430 791 suos
444 735 545 812 pariter
561 728 754 811 externosque.

69 811 175 874 Adbuc
196 812 264 872 dum
287 814 369 871 urbes
390 821 419 871 &
440 829 593 871 conventus
616 809 751 889 [adhuc]

69 892 388 974 exsecratur,Capreas
405 891 526 952 insulam
544 894 689 972 quaesierat
707 894 756 951 fla·

93 979 149 1035 'tiis
165 975 302 1034 obtentui.
324 974 420 1050 Quare
440 971 538 1033 solutis
557 972 665 1032 militiae
686 976 756 1032 arti-

92 1078 124 1116 us
139 1055 249 1136 direpta
286 1054 400 1135 leraque
420 1056 488 1134 iuris
504 1053 651 1122 Romani,
668 1051 758 1112 nihil-

91 1158 127 1197 ue
143 1155 245 1217 praeter
257 1076 443 1216 Kappadocas
452 1179 464 1203 ,
485 1132 570 1214 idque
583 1136 656 1192 inter
670 1153 754 1193 exor-

71 1157 143 1286 lia,
160 1221 192 1277 in
211 1214 357 1297 provincii
374 1213 541 1284 sabaeum,
560 1231 672 1272 remoto
691 1233 757 1295 rege

73 1296 237 1368 Archelao,
252 1291 461 1377 compreffaque
480 1293 651 1354 Getulorum
668 1295 757 1354 latro-

74 1381 173 1447 cinia,
195 1396 256 1460 qua
273 1374 457 1436 Tacfarinate
478 1374 548 1433 duce
589 1376 674 1434 assim
692 1396 758 1455 pro·

24 1519 27 1526 ,
73 1477 216 1540 ruperant.
241 1454 390 1518 Praetorias
411 1502 421 1525 ,
444 1476 505 1536 quae
529 1394 663 1536 diriersae,
682 1476 756 1537 pro·

74 1542 158 1600 rimis
178 1540 359 1618 municipiis,
373 1534 420 1596 seu
438 1536 537 1596 Rome
549 1581 559 1608 ,
572 1556 633 1617 quae
655 1557 688 1595 ue
707 1558 758 1616 per

77 1621 181 1679 domoc
195 1617 391 1689 habebantur,
404 1621 434 1677 in
451 1615 539 1678 castra
555 1617 629 1696 apud
677 1618 757 1677 rbem

76 1700 211 1785 redegit3
233 1720 289 1780 qua
305 1698 471 1758 tenebantur
490 1693 688 1758 Praelelluram
707 1719 758 1778 ap-

76 1782 184 1861 pellans
195 1827 207 1851 ,
224 1780 269 1839 vel
288 1799 411 1863 augens,
431 1776 590 1847 Pretori03
609 1798 676 1837 nam
698 1800 755 1842 caee

76 1879 149 1923 reros
167 1861 326 1921 paritorum
345 1856 532 1939 Praesidelque
554 1856 694 1939 Augustus
713 1860 759 1933 i117

77 1940 215 2003 stituerat.

116 2024 180 2083 III.
205 2021 295 2104 Igitur
310 2018 436 2082 Claudio
453 2018 570 2079 Tiberio
587 2015 648 2078 faro
662 2040 698 2079 an
713 2020 759 2093 inf
777 2034 814 2101 j

76 2104 155 2164 sidiis
178 2099 327 2183 oppreffo,
350 2100 413 2162 crim
431 2101 581 2182 imperium
600 2118 653 2160 tres
675 2120 760 2183 atque

78 2186 206 2268 viginti,
224 2186 275 2242 aevi
292 2185 498 2266 oelogesimum
514 2202 571 2240 uno
589 2183 682 2241 minus
702 2204 758 2242 an-

78 2282 130 2325 nos
145 2259 242 2346 egill'et
252 2309 264 2333 ,
282 2261 370 2322 Caius
382 2260 478 2323 Caesar
493 2281 685 2344 cognomento
698 2263 760 2323 Ca—

78 2345 169 2429 ligula
190 2343 337 2403 aventibus
360 2346 464 2404 curreris
485 2343 637 2425 deligitur,
662 2348 760 2421 majo·

79 2446 141 2486 rum
156 2426 252 2508 gratiae
267 2422 452 2505 parentisque.
462 2424 596 2505 Namque
611 2444 657 2502 per
672 2421 761 2482 filiam

80 2526 202 2587 proavus
215 2502 371 2589 Augustus,
385 2523 486 2588 genere
500 2523 642 2574 materno,
655 2504 762 2585 Agrip-

79 2607 141 2667 pa3
160 2581 291 2658 Drusus,
314 2585 479 2646 Germanici
500 2601 602 2666 pater,
625 2584 640 2642 b
660 2604 716 2664 quo
737 2586 762 2645 is

80 2668 255 2737 oriebatur,
278 2667 325 2728 avi
350 2687 437 2727 erant.
468 2664 600 2744 Quorum
628 2661 764 2725 modesti&

81 2767 109 2806 at
131 2768 167 2808 ue
184 2751 359 2818 immaturo,
384 2746 487 2830 absque
507 2746 681 2817 Oclaviani,
695 2747 764 2804 inre-

80 2770 163 2901 titii,
185 2827 314 2911 vulgus,
338 2828 423 2892 simul
447 2831 544 2891 matris
565 2825 761 2968 lfgatrumque,

612 2929 640 2967 ιν
