1982 3614
158 296 217 351 ur
240 278 360 353 ers
376 296 664 354 recurramus.
692 306 760 373 209

70 422 170 488 gam,
189 399 266 464 fasti
281 423 332 484 per
349 400 484 482 populum
503 398 677 482 lapidatione
694 399 761 462 sub·

70 485 181 547 movit.
208 483 335 544 Glaucia
353 484 485 554 Praetori,
509 481 588 564 qubd
605 487 628 543 is
645 505 679 543 eo
696 483 763 555 die,

70 588 135 646 quo
153 563 215 646 ipse
233 566 400 624 concionem
416 561 559 635 habebat,
580 570 623 643 jus
642 564 764 624 dicendo

71 666 187 727 partem
208 646 305 726 populi
322 640 479 715 avocilset,
501 643 598 705 sellam
615 645 762 716 concidit,

71 746 104 786 ut
117 729 217 820 magis
233 726 373 804 popularis
388 725 534 787 videretur.
547 725 711 803 Quemdam
726 727 763 784 li-

71 808 184 867 bertina
211 807 315 865 ordinis
335 804 521 877 subornavit,
540 809 590 887 qui
610 805 639 866 se
654 806 764 865 Tiberii

74 886 211 948 Gracchi
232 885 322 946 filium
342 884 467 967 lingeret:
490 886 537 946 Ad
558 884 613 944 hoc
632 885 761 946 testimo-

72 971 161 1028 nium
184 968 351 1048 Sempronia
376 966 452 1027 soror
474 965 668 1028 Gracchorum
711 990 762 1026 ro-

74 1049 165 1109 dusta
180 1095 191 1121 ,
218 1070 269 1107 nec
294 1050 443 1128 precibus,
473 1069 524 1107 nec
553 1050 638 1106 minis
663 989 764 1108 adduci

73 1132 195 1210 potuit,
215 1149 247 1188 ut
260 1129 380 1188 dedecus
394 1127 509 1187 familiae
527 1125 698 1210 agnosceret.
716 1129 766 1191 Sa·

74 1212 210 1270 ruminus
229 1211 306 1269 Aulo
325 1209 425 1269 Nonio
446 1212 630 1287 competitore
647 1207 764 1267 interfe-

75 1295 126 1351 dto
157 1289 302 1349 Tribunus
327 1290 416 1370 plebis
442 1289 585 1361 reseslus,
612 1286 765 1362 Siciliam,

75 1370 247 1441 Achaiam,
268 1371 473 1430 Macedoniam
490 1371 571 1429 novis
594 1370 703 1430 colonis
718 1369 767 1430 de·

74 1451 219 1521 stinavit,
242 1460 268 1512 &
286 1473 407 1522 aurum,
427 1450 516 1522 dolo,
536 1473 572 1509 an
590 1448 688 1509 scelere
700 1449 766 1512 Cae-

76 1535 176 1615 pionis
205 1552 338 1613 partum,
367 1532 403 1592 ad
433 1533 607 1612 emptionem
633 1540 765 1614 agrorum

77 1615 231 1674 convertit.
253 1610 337 1695 Aqui
354 1621 380 1672 δι
405 1611 466 1671 ioni
487 1612 629 1672 interdixit
648 1615 694 1685 ei,
716 1615 766 1694 qui

78 1697 110 1755 in
130 1696 157 1753 le
181 1715 209 1753 et
228 1692 289 1754 suas
307 1715 365 1753 non
381 1690 498 1771 jurasset.
511 1693 592 1753 Huic
610 1692 668 1775 legi
687 1694 765 1754 mul-

78 1777 116 1835 tis
136 1716 294 1835 lbbilibus
310 1774 512 1869 abrogantibus
528 1773 591 1833 edm
610 1770 740 1833 tonuisset
753 1819 766 1849 ,

80 1858 247 1916 clamavit:
268 1856 356 1926 Jam,
382 1856 474 1936 inquit
495 1897 504 1924 ,
526 1856 581 1912 uisi
602 1851 767 1934 quiescitiS,

81 1937 276 2020 grandinabit.
296 1936 430 1995 Metellus
452 1934 621 1993 Numidicus
645 1931 768 1993 exsulare

81 2017 172 2098 quam
192 2023 281 2097 jurare
298 2018 407 2076 maluit.
424 2016 589 2077 Saturninus
605 2011 689 2075 tertii)
699 2013 768 2073 Tri·

81 2099 176 2158 bunus
195 2099 285 2179 plebis
305 2096 446 2167 refedus,
468 2115 499 2155 ut
519 2092 665 2154 satellitem
687 2092 768 2155 suum

82 2180 239 2239 Glauciam
265 2179 414 2238 Praetorem
439 2177 567 2247 faceret,
592 2177 768 2236 Memmium

81 2262 303 2341 competitorem
328 2264 386 2339 ejus
410 2260 440 2317 in
461 2279 561 2338 campo
580 2257 688 2316 Martio
712 2279 766 2315 ne-

84 2341 210 2400 candum
230 2341 343 2400 curavit.
365 2338 474 2399 Marius
487 2340 627 2398 Senatus·
638 2334 768 2396 consulto

84 2440 233 2493 armatus,
257 2442 314 2502 quo
337 2418 515 2489 censeretur,
537 2417 634 2478 darent
653 2436 770 2497 operam

86 2502 253 2572 Consules,
274 2523 309 2560 nc
332 2496 400 2582 quid
423 2498 591 2580 Respublica
610 2497 771 2558 detrimenti
823 2504 825 2513 ’

85 2603 221 2663 caperet3
242 2583 423 2642 Saturninum
441 2590 468 2640 &
487 2579 638 2639 Glauciam
661 2579 690 2637 in
709 2575 771 2642 Ca·

86 2665 221 2744 pitolium
249 2663 403 2743 persecutus
429 2654 561 2729 obsedit,
584 2658 767 2738 maximoque

87 2742 148 2803 astu
164 2745 260 2804 incisis
276 2742 391 2815 fistulis,
410 2744 439 2801 in
456 2741 630 2801 deditionem
646 2740 754 2820 accepit
760 2762 771 2810 3

87 2842 141 2886 nec
169 2824 270 2886 deditis
296 2823 363 2886 fides
389 2820 505 2886 servata.
530 2821 656 2885 Glaucia
683 2810 772 2882 fracta

155 2978 177 3001 l
