2010 3616
203 241 336 312 Ontoo
356 238 648 314 Grnirs‘lloit.
704 248 769 334 13'9

93 354 209 433 inivit,
221 362 325 423 Inuum
337 362 420 424 deum
429 386 439 435 3
448 363 565 446 quidam
577 366 663 423 etiam
676 362 772 436 Pana,

97 440 139 499 tel
153 441 208 501 Pan
226 440 277 503 effe
294 444 431 505 dixerunt.

135 522 171 580 V.
192 523 278 606 Igitur
300 546 435 609 regnante
451 526 549 586 Fauno
562 571 575 595 ,
597 544 661 589 ante
680 545 771 586 annos

97 604 198 663 circiter
218 603 388 689 sexaginta,
410 605 496 689 quim
524 604 632 667 AEneas
655 611 686 666 in
706 606 770 667 lta·
838 617 843 626 ’

99 682 160 743 liam
182 684 356 757 deferretur,
378 687 509 748 Evander
531 690 620 747 Arcas
649 687 770 747 Mercu-

98 765 129 822 tii
154 773 180 826 &
202 765 365 828 Carmentis
392 766 535 849 Nymphae
561 766 658 839 filius,
685 770 771 830 simul

98 865 155 906 cum
181 868 270 908 matre
295 847 395 922 eodem
419 852 519 919 venit,
540 871 627 929 quam
653 848 771 930 quidam

93 932 233 989 nemoriae
248 929 432 1012 prodiderunt
452 977 463 1000 ,
482 928 576 1010 primb
592 927 772 991 Nicostraten

98 1006 194 1069 diuam
206 1056 218 1079 ,
235 1009 296 1092 post
310 1010 509 1081 Carmentim,
526 1011 561 1070 de
575 1012 744 1070 carminibus
758 1056 771 1082 ,

96 1108 126 1148 eo
144 1089 221 1171 qubd
239 1091 371 1152 videlicet
390 1095 522 1152 omnium
543 1092 698 1150 litterarum
717 1112 771 1228 pe-

95 1171 243 1242 ritissima,
262 1172 474 1253 futurorumque
491 1172 632 1251 prudens,
648 1173 720 1231 versi
742 1192 773 1232 us

96 1271 188 1312 canere
207 1256 245 1313 sit
265 1252 347 1314 solita
363 1277 369 1311 :
384 1251 456 1313 adeb
476 1272 507 1311 ut
526 1254 649 1333 plerique
664 1252 776 1325 velint,

95 1352 149 1392 non
172 1353 230 1394 tam
254 1333 345 1415 ipsam
374 1335 391 1394 a
413 1338 536 1393 carmine
559 1333 772 1404 Carmentam3

97 1411 175 1492 quim
194 1418 342 1485 carmina,
358 1412 375 1473 ὲ
391 1413 447 1496 quai
463 1415 537 1474 dicia
557 1411 660 1485 effent,
677 1415 774 1494 appel-

96 1493 156 1553 lata
168 1495 261 1574 Hujus
272 1496 420 1555 admonitu
435 1494 604 1556 transveecus
619 1499 649 1556 in
660 1495 773 1574 Italiam

96 1572 222 1636 Evander
234 1622 246 1646 ‚
262 1578 300 1637 ob
311 1577 481 1658 singularem
493 1575 678 1635 eruditionem
688 1593 774 1654 atque

96 1651 237 1717 scientiam
255 1658 412 1717 litterarum
425 1702 434 1727 ,
448 1658 527 1717 brevi
537 1676 662 1737 tempore
682 1658 712 1714 in
728 1654 774 1715 fa-

96 1736 284 1798 miliatitattm
296 1738 385 1798 Fauni
403 1736 431 1796 se
447 1740 598 1797 insinuavit
611 1759 621 1807 3
635 1755 718 1818 arque
737 1734 774 1795 ab

96 1836 128 1877 to
148 1815 322 1899 hospitaliter
345 1816 523 1901 benigneque
542 1835 696 1896 exceptus,
716 1837 775 1876 non

93 1919 212 1978 parvum
233 1903 294 1983 agri
309 1900 427 1960 modum
448 1899 483 1957 ad
499 1896 680 1958 incolendum
699 1916 777 1955 acce·
847 1921 855 1936 ·

93 1982 155 2060 pit,
174 2000 260 2061 quem
286 1979 341 2041 suis
361 1981 513 2040 comitibus
535 1976 695 2050 distribuit,
721 1997 773 2036 ex-

93 2059 236 2121 aedificatis
261 2061 413 2122 domiciliis
439 2064 530 2127 ineo
549 2078 667 2142 monte,
683 2079 776 2141 quem
799 2128 808 2148 t

94 2139 189 2222 primo
200 2161 260 2201 tum
272 2143 314 2202 illi
326 2141 478 2205 &Pallante
489 2143 683 2211 Pallanteum,
698 2138 776 2220 p'ost-
816 2142 820 2147 ⁴

94 2220 129 2282 ei
148 2245 201 2283 nos
212 2224 351 2283 Palatium
367 2224 489 2284 diximus
500 2248 506 2281 :
517 2222 616 2304 ibique
627 2223 698 2281 Pani
709 2222 775 2280 Deo

92 2304 194 2365 fanum
212 2303 374 2365 dedicavit:
413 2308 495 2385 uippe
511 2307 534 2363 is
554 2302 701 2364 familiaris
714 2302 774 2361 Ar-

94 2384 182 2468 eadiae
199 2385 277 2444 Deus
294 2383 357 2456 est,
375 2326 441 2445 teile
458 2389 545 2446 etiam
560 2385 705 2453 Marone,
727 2383 779 2465 qui

92 2485 156 2527 att:

134 2555 531 2633 PanDeusArcadiaecaptam
538 2554 650 2616 telana
649 2551 765 2632 fefellit.

92 2662 134 2726 Et
156 2663 245 2722 item:

133 2767 293 2832 Pauttiam
302 2768 427 2833 Arcadici
438 2781 539 2832 metum
554 2767 581 2831 si
584 2766 679 2849 judice
688 2782 778 2829 certet.
811 2762 813 2773 ’
