1982 3614
222 235 288 286 nr
320 217 660 284 Cassianus.
715 233 779 300 275

116 337 156 397 ue'
178 334 262 398 bona
287 337 419 404 militia,
446 354 551 414 quanta
576 331 619 392 bis
637 333 783 394 Aureliani

93 358 243 500 stobique
259 415 395 477 institutio
408 413 484 485 fuit,
505 413 576 494 pene
590 410 633 474 sat
646 410 707 474 esse.
721 416 784 475 De-

91 501 186 581 nique
212 498 385 567 Valerium,
411 514 443 556 ut
464 514 634 574 parentem,
660 493 708 555 seu
726 497 784 559 Dei

95 583 201 664 magni
228 576 415 659 suspiciebant
442 575 531 636 ruodo
562 598 570 634 ε
593 576 671 656 quod
699 579 784 658 quale

95 679 296 743 quantumque
319 661 378 729 sit,
404 657 442 718 ab
463 657 552 719 Urbis
574 656 719 719 conditore
744 658 782 720 ad

94 739 226 802 nostram
241 759 351 801 atatem
370 740 591 819 propinquorum
610 736 783 803 facinoribus

95 822 273 902 patefacium
286 818 334 880 est.
353 820 392 880 Et
406 821 543 902 quoniam
559 818 697 881 bellorum
716 842 783 885 mo-

95 903 162 975 les,
187 903 223 962 de
245 899 303 984 qui
324 898 405 981 supra
426 901 669 973 memoravimus,
693 902 782 965 atritis

95 983 243 1067 urgebat,
269 983 350 1064 quasi
377 983 479 1062 partito
506 981 629 1062 Imperio
642 1029 654 1053 ,
681 988 782 1047 cundia

95 1085 160 1146 quae
181 1083 257 1124 trans
276 1063 362 1142 Alpes
379 1063 481 1124 Gallia
499 1060 585 1132 sunt,
610 1061 783 1125 Constantio

94 1141 270 1214 commissu
293 1141 391 1205 Africa
409 1142 547 1223 Italiaque
558 1142 696 1203 Herculio
710 1168 720 1216 3
742 1144 783 1205 ll-

95 1225 238 1308 lyricique
256 1244 306 1284 ora
324 1224 361 1284 ad
378 1220 465 1305 usque
476 1224 561 1283 Ponti
577 1221 702 1297 fretum,
723 1225 783 1286 Ga·

94 1306 202 1378 leri03
234 1324 330 1365 caetera
356 1303 487 1364 Valerius
517 1306 672 1364 retentavit.
703 1305 782 1368 Hinc

96 1387 222 1469 denique
243 1387 316 1467 parri
337 1385 424 1445 ltaliae
451 1388 593 1446 invelium
613 1386 782 1449 tributorum

96 1468 201 1551 ingens
224 1467 342 1528 malum.
370 1466 449 1526 Nam
474 1465 539 1525 crim
561 1468 655 1527 omnis
671 1466 782 1541 ¹eidem

97 1545 248 1616 functione
269 1544 470 1628 moderarique
487 1567 604 1630 ageret,
626 1545 685 1630 qub
704 1570 782 1613 exer·

97 1631 171 1690 ritus
197 1648 282 1710 atque
311 1628 356 1688 lm
377 1647 491 1702 erator,
518 1631 568 1710 qui
595 1627 705 1710 semper
732 1650 782 1693 aut

97 1707 227 1770 maximi
246 1727 323 1790 parte
338 1649 476 1781 alerant,
499 1711 537 1770 ali
553 1707 683 1790 possent,
705 1732 779 1791 pen-

98 1790 228 1850 sionibus
252 1789 366 1851 indu'sia
388 1791 433 1850 lex
454 1811 538 1850 nova.
559 1791 631 1866 Quae
652 1789 718 1850 sane
739 1793 779 1853 il-

96 1871 193 1931 lorum
220 1890 379 1952 temporum
404 1868 540 1930 modestia
565 1870 718 1932 tolerabilis
750 1874 780 1933 in

97 1954 254 2032 perniciem
271 1953 405 2032 processit
424 1948 469 2011 his
489 1948 706 2030 tempestatibus.
730 1950 780 2014 In·

98 2036 185 2094 terim
207 2033 293 2094 Jovio
317 2030 517 2095 Alexandriam
560 2030 691 2104 rofeeio,
715 2054 784 2113 pro·

97 2116 196 2175 vincia
211 2113 316 2175 credita
333 2114 514 2175 Maximiano
533 2053 661 2185 sesan,
682 2115 723 2174 uti
740 2135 781 2174 re·

98 2193 175 2257 lieris
195 2193 298 2254 finibus
318 2197 348 2254 in
366 2193 608 2275 Mesopotamiam
628 2195 781 2278 progrede-

98 2295 199 2347 retur,
220 2275 257 2335 ad
277 2275 410 2341 arcendos
431 2274 576 2336 Persarum
596 2278 724 2357 impetus.
752 2278 780 2341 Α

100 2353 286 2498 qufflb
315 2359 434 2439 graviter
459 2375 605 2429 vexatus,
634 2360 779 2418 contrasto

100 2457 134 2495 co
212 2439 218 2451 ‘
277 2439 398 2497 exercim
422 2438 438 2498 ὲ
460 2439 598 2501 veteranis
621 2458 654 2498 ac
680 2439 782 2497 tironi·

99 2516 176 2589 bus,
201 2527 250 2597 per
266 2520 438 2578 Armeniam
450 2520 481 2577 in
503 2515 594 2577 hostes
614 2516 796 2589 contendit,
821 2541 825 2544 ’

101 2618 172 2677 quar·
187 2596 275 2657 ferme
297 2596 357 2659 sola
380 2597 427 2659 seu
451 2597 563 2658 facilior
581 2599 714 2659 vincendi
734 2601 781 2662 via

101 2677 149 2739 est.
177 2679 255 2739 Deni
275 2700 309 2739 ue
333 2679 441 2740 ibidem
462 2679 602 2741 Narseum
629 2700 724 2766 regem
751 2682 780 2742 in

102 2757 242 2824 diriomm
256 2701 373 2847 subegit
386 2808 399 2834 ,
423 2762 507 2824 simul
527 2761 660 2923 libeppsxpj
677 2768 778 2845 conju·
