1972 3624
221 304 289 365 344
331 277 463 346 Aen.
495 277 774 349 Vrcrorers

217 398 389 478 Reipublicae
409 418 494 479 atque
521 398 652 463 defensor
672 402 798 459 eximius.
821 398 893 458 Nam

216 479 340 539 Hunnos
359 490 385 539 &
403 477 538 549 Gothos,
558 483 608 562 qui
628 501 692 539 eam
709 479 761 541 sub
780 480 893 540 Valente

217 558 438 643 defatigaslent,
464 561 579 621 diversis
602 562 702 639 praeliis
721 564 797 621 vicit.
820 561 892 621 Cum

216 642 306 701 Persis
326 662 440 723 quoque
461 644 563 722 petitus
580 663 679 722 pacem
698 644 812 726 pepigit.
830 643 893 702 Ma-

216 725 324 782 ximum
346 742 439 782 autem
463 742 639 804 tyrannum,
660 726 710 804 qui
729 723 893 784 Gratianum

165 808 167 811 ’
215 802 421 873 interfecerat,
446 813 473 864 &
502 805 555 862 sibi
581 805 690 866 Gallias
714 804 892 873 vindicabat,

216 883 292 963 apud
320 886 482 967 Aquileiam
515 883 644 945 exstinxit
666 908 676 955 3
697 886 893 965 Visioremque

217 972 275 1044 ejus
288 964 378 1026 filium
388 1013 400 1036 ,
415 968 488 1025 intra
498 965 626 1026 infantiae
638 988 728 1025 annos
742 965 894 1027 iMaximo

216 1066 296 1126 patre
319 1045 479 1132 Augustum
505 1046 639 1116 fastum,
659 1050 780 1106 necavit.
803 1048 894 1129 Euge·

215 1131 296 1188 nium
314 1150 428 1211 quoque
447 1149 600 1209 tyrannum
618 1148 702 1209 atque
713 1126 894 1210 Arbogastem

218 1207 385 1290 superavit,
408 1210 506 1270 deletis
528 1231 629 1270 eorum
651 1211 748 1270 decem
776 1209 895 1269 millibus

216 1311 417 1374 pugnatorum.
434 1291 493 1351 Hic
513 1295 619 1352 etenim
641 1292 786 1365 Eugenius
805 1288 893 1350 conli-

217 1370 263 1431 sus
290 1374 397 1433 vitibus
424 1370 620 1454 Arbogastis,
650 1360 800 1453 pollquam
825 1370 894 1452 apud

216 1453 363 1513 Viennam
383 1454 619 1514 Valentinianum
644 1452 829 1523 exstinxerat,
850 1474 893 1511 re-

216 1555 306 1616 gnum
332 1536 455 1606 inuasit,
482 1532 530 1595 sed
557 1557 625 1595 mox
650 1534 735 1596 simul
753 1555 816 1594 cum
841 1531 894 1594 viti

216 1617 365 1694 imperium
385 1614 516 1697 perdidit,
534 1615 598 1675 Fuit
612 1635 706 1675 autem
720 1613 894 1674 Theodosius

216 1697 342 1755 moribus
357 1705 385 1755 &
405 1717 522 1776 corpore
536 1695 663 1776 Trojano
676 1698 793 1767 similis,
807 1714 893 1776 quan·

216 1775 277 1837 nim
308 1775 410 1859 scripta
431 1795 557 1839 veterum
589 1782 617 1838 δι
645 1781 757 1857 Ρίἃιιτέε
785 1776 891 1836 docent.

216 1859 263 1918 Sic
285 1862 411 1920 eminens
433 1857 538 1931 status,
559 1860 689 1919 membra
709 1859 828 1929 eadem,
850 1879 894 1938 par

217 1938 361 2012 caesaries,
379 1962 411 2001 os
425 1938 531 2021 absque
548 1961 603 2013 eo,
622 1938 701 2022 quod
714 1941 758 2001 illi
769 1942 894 2021 aliquan⁴

216 2040 277 2081 tum
303 2021 436 2082 vellendo
464 2020 569 2082 steriles
600 2043 678 2106 genre
691 2068 703 2092 ‚
730 2043 819 2102 neque
841 2040 893 2079 tam

216 2104 346 2185 ingentes
368 2103 446 2163 oculi
464 2123 567 2173 erant,
585 2103 680 2164 nescio
705 2124 744 2162 an
770 2112 798 2162 δι
824 2118 894 2161 tanta

217 2187 328 2265 gratia,
350 2183 498 2265 tantusque
518 2187 570 2244 flos
590 2187 620 2243 in
640 2183 713 2243 facie
725 2229 739 2253 ,
757 2181 806 2243 seu
824 2200 893 2242 tanta

217 2263 340 2344 dignitas
362 2267 391 2324 in
411 2263 521 2325 incessu.
544 2266 629 2324 Mens
648 2262 717 2324 vero
736 2262 846 2345 prorsus
865 2265 896 2321 si-

216 2348 311 2417 milis,
330 2344 403 2406 adei)
417 2366 448 2406 ut
463 2344 536 2407 nihil
553 2347 610 2404 dici
624 2364 728 2426 queat,
747 2345 825 2426 quod
843 2365 894 2402 non
966 2356 967 2359 ’

217 2446 251 2486 ex
269 2429 347 2487 libris
364 2430 394 2489 in
407 2426 490 2487 istum
511 2427 638 2486 videntur
656 2425 807 2487 transferri.
832 2424 895 2485 Cle-

217 2530 298 2569 mens
333 2512 467 2580 animus,
498 2507 681 2578 misericors,
716 2507 894 2573 communis,

217 2589 280 2649 solo
304 2588 404 2653 habitu
424 2587 534 2650 differre
550 2587 584 2648 ‘se
604 2590 708 2649 caeteris
727 2608 827 2668 putans
838 2630 849 2658 ,
869 2586 895 2642 in

218 2692 318 2730 omnes
341 2668 475 2731 homines·
494 2668 689 2739 honorificus,
713 2667 811 2728 sertim
830 2663 896 2725 effu-

218 2754 274 2812 sius
292 2755 322 2810 in
338 2752 430 2812 bonos
445 2776 455 2823 3
472 2753 610 2831 simplicia
630 2752 745 2834 ingenia
765 2749 842 2831 aqui
856 2747 895 2806 di-
964 2780 965 2819 4

217 2833 323 2916 ligere,
343 2834 450 2894 erudita
471 2834 588 2902 merari,
612 2829 660 2891 sed
682 2834 821 2900 innoxia3
845 2830 895 2887 lar-

217 2916 272 2997 giri
297 2934 405 2997 magno
434 2916 532 2975 animo
557 2934 665 2997 magna
677 2935 690 2985 3
710 2934 805 2974 amare
827 2913 895 2971 ciues
