2010 3616
234 276 303 339 116
412 267 446 334 E
467 282 493 335 v
513 284 575 336 Ta
593 284 617 334 0
635 284 657 333 r
674 282 725 334 rr

231 389 403 459 Herculius,
423 388 614 469 Massiliaeque
640 383 779 468 oppressus
800 391 856 459 (ex
883 387 915 448 ei

233 473 337 531 etenim
364 471 496 552 navigare
519 469 556 528 ad
579 467 669 529 filium
692 470 865 549 praeparabat
880 477 915 544 ,J

232 574 330 634 peenas
344 549 421 610 dedit
437 548 587 629 justissimo
601 551 677 609 exitu
698 573 705 606 t
725 552 768 611 vir
789 550 826 609 ad
844 571 915 609 om-

233 654 299 693 nem
327 629 504 712 asperitatem
534 630 726 711 saevitiamque
751 631 917 711 proclivus,

234 711 365 785 infidus,
388 713 611 782 incommodus,
637 714 780 773 civilitatis
807 709 918 794 penitus

235 814 339 874 expers.

277 877 332 935 IV.
353 876 407 934 Per
422 872 477 934 hoc
494 895 604 956 tempus
621 872 637 934 ‘a
657 875 773 935 Galerio
791 876 919 936 Licinius

236 954 393 1037 Imperator
406 954 445 1015 est
461 956 569 1026 fabius,
589 955 681 1015 Decii
695 956 851 1027 oriundus,
865 978 919 1016 no-

238 1056 281 1097 tus
302 1042 328 1097 ei
346 1036 463 1117 antiqui
479 1037 701 1107 consuetudine,
718 1047 746 1097 &
766 1040 798 1097 in
817 1038 895 1096 bello
906 1083 918 1106 ,

238 1120 316 1200 quod
337 1119 463 1179 adversus
485 1118 623 1178 Narseum
641 1115 782 1202 gelferat,
804 1117 920 1178 strenuis

238 1200 383 1261 laboribus
407 1210 434 1260 &
454 1201 552 1258 officiis
574 1220 702 1278 acceptus
725 1222 732 1256 ε
754 1220 832 1259 mors
853 1200 918 1260 Ga·
985 1220 987 1279 ζ

239 1278 301 1341 lerii
326 1279 472 1341 confestim
496 1280 588 1341 secuta
612 1278 658 1339 est.
687 1279 732 1340 lta
751 1278 922 1359 Respublica

240 1381 301 1422 tum
327 1361 441 1422 “anovis
461 1382 581 1441 quatuor
603 1361 821 1444 imperatoribus
843 1380 922 1421 tene-

240 1444 351 1513 batur,
381 1439 571 1504 Constantino
597 1450 624 1502 &
651 1443 829 1513 Maxentio,
859 1440 922 1502 filiis
989 1496 990 1499 ,

241 1521 453 1605 Augustorum,
473 1525 584 1583 Licinio
599 1524 803 1597 &Maximino
813 1570 825 1594 ,
843 1526 923 1583 novis
990 1548 991 1559 ³

243 1596 417 1664 hominibus.
452 1604 571 1681 Quinto*
595 1624 691 1664 tamen
719 1603 924 1664 Constantinus
991 1632 992 1635 ¹

243 1687 354 1762 imperii
376 1683 417 1745 sui
437 1708 533 1757 anno,
557 1686 663 1744 bellum
685 1684 832 1744 adversum
856 1686 924 1745 Ma·
992 1708 993 1743 f

244 1769 370 1826 rentium
399 1766 493 1827 Civile
526 1767 683 1826 commovit
705 1789 716 1837 3
744 1767 842 1845 copias
869 1772 925 1845 ejus

245 1848 341 1923 multis
357 1848 456 1927 praeliis
474 1846 548 1907 fudit
569 1872 575 1905 ε
596 1846 688 1926 ipsum
708 1844 850 1926 postremi)
868 1848 926 1907 Ro·

245 1949 299 1989 mae
320 1927 466 1989 adversum
483 1928 592 1988 nobiles
611 1928 744 1987 omnibus
766 1929 859 1988 exitiis
880 1925 928 1988 sz-

245 2009 395 2082 vienrem,
418 2008 492 2090 apud
518 2029 632 2089 pontem
659 2009 805 2069 Mulvium
831 2010 925 2077 vicit,

246 2088 384 2170 Italiaque
404 2089 441 2149 est
455 2092 568 2170 potitus.
591 2090 660 2149 Non
684 2087 775 2149 multi>
796 2088 928 2167 deinceps

248 2171 279 2229 in
290 2170 408 2230 Oriente
421 2193 534 2253 quoque
550 2169 697 2232 adverstim
707 2171 850 2230 Licinium
862 2171 929 2230 Ma·

248 2251 370 2325 aiminus
387 2272 430 2312 res
453 2274 542 2313 novas
561 2252 700 2323 molitus,
718 2253 843 2313 vicinum
865 2253 928 2310 exi·

249 2332 321 2426 tium
348 2330 463 2394 fortuiti
485 2333 560 2415 apud
588 2331 711 2394 Tarsum
738 2351 829 2393 morte
852 2353 928 2413 pre·

248 2433 335 2477 venit.

291 2495 330 2555 V.
353 2490 556 2557 Constantinus
576 2513 694 2568 tamen,
714 2497 758 2555 vir
779 2496 884 2578 ingens
906 2501 932 2554 &

163 2571 167 2583 ’
251 2581 349 2655 omnia
368 2576 473 2637 efficere
490 2580 603 2649 nitens,
622 2598 684 2658 quae
706 2579 805 2636 anieno
828 2595 933 2655 praepa·

251 2655 351 2729 tillet,
370 2660 454 2719 simul
476 2661 663 2738 principatum
684 2659 769 2717 totius
788 2655 866 2716 orbis
891 2652 935 2715 af-
979 2670 981 2675 '

252 2735 381 2813 feclans,
404 2740 513 2800 Licinio
536 2740 642 2800 bellum
662 2738 781 2808 intulit,
801 2738 934 2818 quamvis

253 2819 427 2881 necessitudo
443 2831 470 2883 δι
486 2820 607 2883 affinitas
623 2841 688 2881 cum
705 2839 741 2880 eo
759 2814 825 2879 effet
840 2840 847 2877 ε
865 2837 936 2880 nam
