2010 3616
188 237 234 301 86
370 233 679 302 antoarr

187 346 452 431 Hierosolymorum
466 348 518 411 sub
532 367 607 430 patre
621 351 747 410 militans
761 395 770 421 ,
791 350 866 411 duo·

188 431 280 492 decim
297 451 514 514 propugnatores
531 430 681 491 duodecim
699 429 729 491 sa
751 433 867 492 'tratum

188 514 291 574 ictibus
308 511 430 573 confixit.
453 513 553 572 Romae
570 530 653 572 tantae
675 514 728 573 cit'
744 514 818 572 'tatis
837 516 869 574 in

188 595 308 674 imperio
321 593 375 653 fuit
388 639 400 664 ,
425 612 456 653 ut
468 594 577 652 nullum
601 596 721 653 omnino
735 595 847 672 puniret
860 616 869 652 t

190 676 335 734 convictos
357 671 502 734 adversum
524 671 581 733 sese
604 675 803 751 conjurationis
828 676 870 736 ita

188 754 349 825 dimiserit,
371 775 402 815 ut
418 758 448 815 in
463 754 561 814 eidem
579 754 791 825 familiaritate,
811 755 872 836 qui

189 856 295 907 antea,
316 833 452 896 hahuerit.
473 836 625 895 Facilitatis
646 835 870 896 &liberalitatis

189 937 272 978 tantae
287 916 365 986 fuit,
387 937 417 976 ut
434 915 497 977 crim
513 917 584 976 nulli
600 915 756 997 quidquam
774 937 869 999 nega·

189 992 254 1071 ret‘,
286 1008 313 1060 &
335 998 371 1058 ab
393 1000 492 1058 amicis
514 995 777 1076 reprehenderetur,
805 994 868 1057 res·

189 1079 341 1162 penderit,
362 1080 479 1141 Nullum
494 1080 593 1161 tristem
612 1077 703 1139 debere
720 1077 754 1137 ab
771 1079 866 1152 Impe-

190 1180 280 1221 ratore
304 1160 434 1240 discedere
455 1184 465 1219 .-
489 1178 633 1240 propterea
656 1157 721 1218 crim
744 1156 870 1241 quidam

191 1241 238 1302 die
260 1245 291 1301 in
309 1236 395 1301 'coenh
419 1241 577 1302 recordatus
597 1236 712 1311 fuiffet,
738 1237 812 1299 nihil
841 1237 870 1300 se

191 1323 243 1382 illo
279 1321 325 1382 die
359 1325 491 1403 cuiquam
523 1318 670 1402 praeffltiffe
694 1343 709 1392 ,·
738 1319 869 1380 dixerit:

191 1403 312 1472 Amici,
341 1403 422 1462 hodie
445 1405 517 1462 diem
537 1404 654 1477 perdidi.
684 1400 742 1461 Hic
770 1400 870 1462 Romae

193 1479 431 1563 amphitheatrum
444 1482 615 1554 aedificavit,
629 1492 657 1543 &
670 1484 795 1563 quinque
808 1483 872 1542 mil·

193 1565 232 1624 lia
252 1563 373 1622 ferarum
394 1566 424 1623 in
443 1562 620 1624 dedicatione
640 1567 698 1644 ejus
716 1562 830 1623 occidit

232 1643 350 1705 XXII.
371 1644 424 1704 Per
444 1641 503 1704 haec
521 1646 654 1706 inusitato
675 1643 773 1722 fauore
793 1644 870 1705 dile·

195 1730 274 1796 ἂιις,
289 1725 390 1784 morbo
404 1728 484 1805 periit
497 1728 528 1784 in
541 1725 574 1784 ed
588 1770 598 1796 ,
611 1724 668 1806 qui
680 1745 775 1806 patet,
786 1723 872 1798 vura,

194 1804 256 1888 post
275 1805 445 1877 biennium,
465 1816 492 1867 ὅ(
511 1803 620 1867 menses
638 1810 730 1878 octo,
751 1806 811 1867 dies
827 1807 874 1867 vi·

196 1889 291 1970 ginti,
308 1883 394 1969 quim
410 1887 565 1970 Imperator
581 1907 639 1948 erat
655 1887 745 1948 ladius
755 1933 768 1958 ,
785 1889 874 1949 attans

195 1990 273 2029 anno
291 1970 379 2028 altero
397 1976 424 2028 &
442 1967 667 2051 quadragesimo.
685 1968 795 2030 Tantus
812 1970 874 2029 luc·

195 2067 240 2108 tus
266 2069 300 2108 eo
326 2066 438 2109 mortuo
460 2049 587 2129 publicus
612 2049 689 2121 fuit,
718 2069 748 2109 ut
774 2070 874 2110 omnes

198 2147 334 2209 tanquam
347 2131 378 2189 in
396 2129 506 2210 proprii
523 2130 663 2191 doluerint
679 2131 809 2190 orbitate.
825 2131 875 2191 Se·

197 2229 306 2280 narus,
333 2210 414 2270 obitu
432 2213 518 2290 ipsius
539 2213 612 2272 circa
631 2209 776 2292 vesperam
795 2233 874 2272 nun·

199 2294 295 2361 clato,
315 2293 399 2350 noete
418 2293 514 2372 irrupit
535 2293 566 2351 in
586 2294 715 2363 curiam,
735 2300 763 2352 &
784 2311 876 2354 tantas

198 2374 226 2430 ei
252 2391 369 2430 mortuo
395 2371 490 2465 laudes
520 2371 678 2457 gratiasque
706 2375 876 2456 congessit,

198 2470 318 2593 puantas
331 2473 382 2511 nec
395 2474 462 2547 vivo
475 2474 600 2593 uncpuam
612 2473 727 2594 eperat,
745 2475 797 2514 nec
811 2475 879 2536 prae-

213 2553 279 2594 entr.
299 2532 373 2593 Inter
387 2533 479 2594 Divos
493 2554 595 2596 reatus
609 2556 623 2594 e
648 2582 656 2596 .

239 2613 373 2675 XXIII.
394 2616 577 2676 Domitianus
600 2637 669 2677 mox
689 2618 798 2696 accepit
816 2619 878 2675 irn-

201 2696 330 2773 perium,
350 2693 434 2756 frater
448 2698 532 2776 ipsius
548 2701 640 2767 iunior
654 2720 664 2768 3
680 2697 811 2767 Neroni,
830 2716 879 2756 aut

204 2773 375 2856 Caligulae,
402 2796 451 2838 aut
473 2776 592 2840 Tiberio
615 2780 765 2851 similior,
792 2775 880 2863 quim

316 2995 329 3037 Ι
