1972 3624
224 239 296 320 284
366 232 490 303 Arra.
520 235 733 304 Vrcror

222 351 388 432 castellaque
402 353 526 430 pluribus
543 353 613 411 locis
630 352 781 412 commode
796 354 885 432 posita.

222 433 351 492 Remotae
369 433 426 490 olei
444 430 632 513 frumentique
647 433 803 492 adventitiae
820 455 887 513 pre·

222 514 344 572 bitiones
359 555 369 585 ,
387 514 490 593 quibus
507 512 633 592 Tripolis
651 536 685 572 ac
703 514 800 572 Nicaea
815 533 888 573 acer-

223 592 284 652 bitls
304 594 487 675 angebantur.
513 594 594 670 Quas
612 614 654 652 res
673 591 821 674 superiores
837 594 890 653 Se·
960 598 961 671 }

193 654 201 715 l
222 676 283 732 veri
304 675 448 753 Imperio,
470 693 610 755 gratantes
635 677 691 733 civi
719 675 893 743 obtulerant,

223 774 398 834 verteratque
418 756 538 836 gratiam
556 758 677 813 muneris
696 756 726 813 in
752 757 894 835 perniciem
960 786 961 819 1

244 833 398 901 osterorum
427 834 622 894 dissimulatio.
649 835 762 894 Alteros
788 836 897 895 Marcus
960 872 961 875 =

224 855 361 993 ssojonius
384 915 518 975 afflixerat
539 914 651 984 multi,
677 913 756 995 quod
776 915 897 996 Hippar-
960 976 961 983 χ

225 994 312 1062 chum
338 993 476 1077 praestanti
498 996 615 1077 ingenio
636 995 697 1054 indi
719 1017 800 1056 enam
822 992 898 1054 fuisse

228 1073 435 1159 ignoravillent.
472 1075 593 1136 Fiscales
624 1078 701 1135 mole
727 1079 758 1136 ‘ae
788 1074 900 1136 severitis

228 1154 345 1237 prellae,
367 1161 521 1236 cunctaque
536 1157 634 1216 divino
652 1160 717 1216 ritui
733 1160 807 1238 paria
823 1157 900 1216 vide-

228 1259 342 1309 rentur,
369 1241 400 1297 ni
419 1237 517 1316 panim
536 1238 631 1320 dignis
653 1237 691 1296 ad
711 1239 820 1317 publica
840 1238 901 1296 adi-

229 1337 290 1377 tum
312 1315 493 1378 concessisset.
521 1318 594 1395 Quae
614 1320 788 1400 quarirquam
809 1316 902 1398 saepitis

230 1398 376 1468 accidsre,
397 1419 492 1458 tamen
510 1400 541 1458 in
558 1397 670 1458 summo
690 1401 804 1482 ingenio
821 1418 902 1480 atque

231 1482 346 1558 optimis
376 1479 547 1559 Reipublicae
578 1479 704 1539 moribus
733 1526 745 1549 ,
780 1481 904 1561 quamvis
960 1550 961 1557 ἵ

232 1581 317 1639 parva
343 1561 435 1630 vitia,
460 1560 570 1619 elucent
596 1562 712 1642 magis,
738 1559 826 1641 eoque
848 1582 901 1619 no·
960 1562 961 1573 ¹

232 1658 325 1699 tantur
342 1639 446 1710 facile3
468 1643 537 1720 quin
555 1643 641 1700 etiam
661 1639 747 1701 acrius
763 1640 831 1722 saepe
848 1641 905 1700 offi-

233 1723 333 1791 ciunt,
355 1721 419 1780 crim
439 1721 479 1779 ob
504 1724 625 1782 austoris
643 1720 728 1781 decus
748 1725 778 1780 in
797 1726 904 1782 virtutes
960 1764 961 1787 1

233 1800 423 1882 porisssimrlm
439 1804 632 1881 accipiuntur,
650 1822 733 1883 atque
748 1802 785 1862 ad
801 1804 906 1861 imitari·
960 1864 961 1873 χ

234 1882 303 1942 dum
331 1885 516 1944 invitamento
545 1882 617 1942 sunt.
647 1884 737 1965 Igitur
765 1881 906 1942 confestim
960 1916 961 1919 =

234 1963 419 2032 Dalmatius,
440 1965 576 2022 incertum
596 1985 654 2044 quo
670 1962 803 2034 suasore,
826 1967 906 2022 inter·
960 1968 961 2027 i

236 2041 350 2114 ficitur,
373 2043 521 2124 statimque
541 2046 661 2103 triennio
681 2043 743 2125 post
760 2047 907 2103 minimum

231 2127 471 2205 maximumque,
499 2123 580 2201 fatali
608 2125 683 2183 bello
712 2123 906 2185 Constantinus

169 2248 171 2255 .
238 2205 321 2264 cadit.
337 2203 403 2282 Qula
414 2203 556 2266 Constans
569 2204 687 2265 victorii
699 2206 836 2265 tumidior
848 2250 856 2275 ,
876 2205 909 2262 si·

239 2287 299 2345 mul
314 2308 361 2365 per
378 2305 489 2345 aetatem
504 2306 600 2345 cautus
619 2284 715 2365 parum
728 2332 741 2357 ,
757 2305 842 2368 atque
856 2284 908 2342 ani-

239 2371 281 2427 mi
299 2365 473 2437 vehemens,
495 2364 588 2426 adhuc
607 2366 801 2427 ministrorum
823 2365 909 2447 pravi·
960 2372 961 2375 ’

233 2467 297 2519 tate
316 2447 514 2518 exsecrabilis,
535 2467 618 2528 atque
634 2469 754 2528 praeceps
772 2450 803 2507 in
823 2445 910 2507 avari-

241 2531 331 2600 tiam,
345 2526 558 2609 despestumque
571 2529 753 2601 militarium,
768 2550 844 2588 anno
856 2520 911 2606 post
960 2580 961 2601 5

241 2608 414 2689 triumphurn
428 2609 559 2680 decimo,
576 2610 739 2692 Magnentii
752 2607 854 2669 scelere
866 2607 912 2663 cir·
960 2624 961 2685 J

242 2710 404 2753 cumventus
424 2688 485 2761 est,
507 2710 682 2749 externarum
702 2687 769 2748 sane
812 2690 908 2748 entium

242 2774 407 2851 compressis
425 2771 558 2834 motibus.
581 2771 709 2848 Quarum
729 2711 840 2832 obsiles
858 2784 911 2849 pte·
