1972 3624
267 235 774 336 ErtToMa3m

98 375 207 431 creavit.
236 371 294 432 Hic
314 373 534 433 Valentinianus
557 371 610 430 fuit
632 371 711 428 vultu
732 371 782 428 ‹le-

97 473 179 524 cens,
199 451 284 512 solers
307 456 445 536 ingeniO,
468 457 564 513 animo
587 454 700 536 gravis,
722 451 783 510 ser-

81 535 182 592 'mone
200 536 389 607 cultissimus,
410 556 585 615 quamquam
603 530 668 591 esset
683 532 718 592 ad
736 534 782 592 lo·

96 616 240 752 quendum
259 636 369 695 parcus.
392 616 527 685 Severus,
546 613 719 684 vehemens,
740 615 782 675 in-

110 699 185 756 eslus
205 716 302 763 tamen
318 699 414 767 vitiis,
438 694 618 776 maximeque
638 697 779 767 avaritiae,

97 782 174 855 cujus
195 779 309 857 'cupitor
337 776 397 858 ipse
428 777 483 836 fuit
511 799 603 846 acer,
628 786 655 836 &
679 779 708 835 in
735 774 780 836 his

97 877 159 937 quae
181 877 386 919 memoraturus
406 856 489 930 sum,
513 859 662 917 Hadriano
680 860 779 937 proxi-

97 959 169 999 mus.
201 940 321 1022 Pingere
351 938 571 1009 venustissime,
600 935 781 1010 meminisse,

97 1042 174 1079 nova
192 1042 272 1080 arma
290 1020 435 1101 meditari3
453 1019 558 1103 fingere
573 1019 635 1080 cera
649 1018 696 1078 seu
709 1020 781 1079 limo

99 1099 268 1170 simulacra,
290 1102 438 1182 prudenter
462 1105 503 1160 uti
528 1102 620 1171 locis,
640 1103 780 1179 tempori-

96 1180 169 1253 bus,
192 1182 340 1252 sermone3
359 1201 464 1263 atque,
485 1184 651 1255 utbreviter
669 1183 781 1240 conclu-

98 1262 189 1334 dam,
210 1265 234 1322 si
260 1267 287 1321 ei
313 1263 396 1322 fredis
416 1262 605 1333 hominibus,
632 1260 695 1343 quis
724 1260 782 1322 sese

27 1387 32 1395 .
98 1346 181 1423 quasi
201 1342 342 1404 fidissimis
358 1341 633 1425 prudentissimisque
647 1343 781 1416 dederat,

98 1445 212 1496 catere,
234 1445 282 1485 aut
305 1428 430 1505 probatis
459 1423 627 1506 eruditisque
650 1428 780 1484 monito-

97 1506 175 1565 ribus
200 1509 241 1565 uti
267 1503 408 1577 licuisset,
437 1505 571 1585 perfetsus
594 1503 670 1565 haud
696 1506 782 1566 dubie

99 1589 226 1666 princeps
246 1584 391 1646 enituisset.
411 1587 504 1667 Hujus
525 1607 651 1666 tempore
673 1588 783 1648 Firmus

89 1668 174 1744 apud
196 1668 400 1729 Mauritaniam
416 1689 534 1750 regnum
552 1667 708 1739 invadens,
728 1690 781 1727 ex-

98 1744 257 1833 stinguitur.
278 1749 497 1807 Valentinianus
521 1748 594 1828 apud
612 1750 781 1829 Bergentio-

98 1849 165 1888 nem
204 1831 340 1910 legationi
371 1829 539 1906 Quadorum
561 1827 743 1913 'respondens
772 1877 782 1903 ,
844 1834 845 1837 ’

98 1931 176 1970 anno
199 1913 250 1969 aevi
274 1914 375 1991 quinto
397 1919 425 1969 &
446 1912 701 1993 quinquagesimo,
726 1913 783 1970 im-

97 2010 166 2070 petu
189 1990 352 2075 sanguinis,
372 2012 442 2059 voce
465 1988 587 2061 amissit,
608 1988 689 2050 sensu
710 1994 783 2051 inte-

97 2092 179 2153 ger,
207 2072 353 2151 expiravit.
381 2072 470 2148 Quod
493 2072 608 2153 quidem
636 2075 780 2153 intempe-

97 2150 193 2212 ranti&
214 2155 289 2224 cibi,
314 2175 347 2212 ac
369 2150 530 2222 saturitate,
551 2151 608 2233 quit
627 2174 701 2214 artus
725 2154 784 2214 dif-

99 2231 233 2303 fuderat,
261 2230 388 2294 accidisl'e
416 2235 506 2314 plures
534 2235 658 2293 tetuldte.
685 2236 784 2315 ltaque

98 2334 134 2372 eo
166 2333 308 2384 mortuo,
343 2314 561 2375 Valentinianus
592 2313 683 2374 adhuc
710 2338 785 2397 qua-

94 2394 243 2465 driennis,
258 2399 370 2455 audiere
387 2395 528 2476 Equitio,
540 2417 573 2454 ac
584 2397 783 2469 Merobaude,

94 2473 114 2532 e
135 2479 315 2556 propinquo,
339 2477 388 2535 ubi
407 2496 472 2535 cum
493 2495 581 2535 matre
600 2476 714 2547 fuerat,
740 2480 783 2538 al-

97 2556 193 2626 latus,
215 2576 321 2617 creatus
342 2555 381 2615 est
401 2557 568 2638 Imperator.
796 2557 797 2560 ’

139 2636 265 2696 XLVI.
289 2640 397 2697 Valens
416 2637 472 2698 und
491 2660 556 2697 cum
576 2639 782 2700 Valentiniano

97 2737 238 2799 germano
263 2717 335 2790 suo,
356 2719 391 2779 de
411 2742 469 2801 quo
488 2719 632 2790 diximus,
654 2724 784 2804 regnavit

97 2819 190 2857 annos
203 2799 337 2859 tredecim
351 2846 359 2870 ,
380 2798 489 2859 menses
502 2805 635 2882 quinque.
649 2801 707 2861 Hic
720 2803 784 2861 Va·
812 2846 814 2850 ι

96 2878 159 2940 lens
183 2901 248 2942 cum
271 2879 379 2943 Gothis
401 2883 579 2963 lacrymabili
598 2883 673 2941 bello
697 2905 780 2944 com-

587 2964 608 3024 P
630 2967 660 3045 iij
