1972 3624
225 297 293 364 3¹40
342 270 467 342 Aua.
496 273 776 346 Vrcronrs

222 415 313 476 neque
334 391 472 473 plerisque
491 391 657 478 prasagiis,
672 397 775 476 quibus
791 396 898 455 vetaba-

222 495 267 535 tur
291 495 382 555 petete
405 474 576 546 Persidem,
599 475 735 537 adduelus
760 479 795 535 sit
818 474 895 535 finem

222 566 328 637 ponere
347 556 440 635 ardori
450 578 460 627 3
480 578 514 615 ac
537 577 572 616 ne
591 560 680 617 noctu
701 557 815 638 quidem
829 555 898 617 visus

217 641 324 721 ⁴ingens
350 638 453 720 globus
475 638 549 697 coelo
570 637 630 697 labi
654 658 719 698 ante
744 639 816 697 diem
836 638 896 697 belli

222 737 337 778 cautum
357 716 520 798 praestiterit.

263 800 373 860 XLIV.
397 801 533 860 Iovianus
558 802 668 882 genitus
690 820 766 880 patre
791 801 896 860 Varro-

220 883 310 940 niano
330 883 360 940 in
380 876 441 940 solo
455 883 518 964 agri
538 880 754 963 Singidonensis
766 927 776 953 ,
788 884 896 962 provin-

221 964 271 1022 ciae
286 963 451 1031 Pannoniae,
467 965 617 1041 imperavit
630 961 740 1023 menses
749 966 823 1022 οᾶο.
838 963 899 1041 Ejus

222 1047 315 1124 patri,
333 1041 397 1101 cuim
413 1043 518 1105 liberos
534 1044 645 1103 crebros
658 1046 819 1114 amitteret,
836 1064 899 1124 pra·

223 1144 338 1205 ceptum
365 1121 478 1184 somnio
501 1122 564 1194 est,
586 1144 672 1196 eum,
695 1128 746 1205 qui
767 1130 824 1204 jam
844 1122 898 1183 ius-

223 1225 301 1266 tante
323 1208 417 1265 uxoris
439 1225 522 1284 partu
543 1204 668 1266 edendus
690 1205 786 1274 foret,
804 1206 901 1265 diceret

222 1290 388 1348 Jovianum.
410 1286 469 1346 Hic
492 1284 547 1345 fuit
569 1288 690 1368 insignis
711 1308 844 1367 corpore,
861 1287 901 1345 la·

224 1389 268 1444 tus
287 1371 423 1450 ingenio,
441 1369 595 1435 litterarum
608 1365 756 1428 studiosus.
770 1369 828 1428 Hic
841 1367 900 1426 dum

224 1450 242 1513 ‘a
258 1450 391 1520 Perside,
411 1447 505 1509 hieme
524 1445 621 1528 asperi
639 1448 809 1530 mediique,
830 1448 901 1510 Con·

224 1529 439 1611 stantinopolim
461 1529 635 1600 accelerans,
656 1530 792 1590 cruditate
811 1530 902 1589 stoma·

225 1610 294 1681 ehi,
313 1614 433 1673 testorio
447 1613 516 1671 novi
525 1614 620 1691 operis
634 1630 767 1693 gravatus
789 1609 897 1690 [effen]

226 1693 340 1774 tepente
374 1695 509 1763 interiit,
539 1713 628 1752 annos
655 1713 757 1775 gerens
785 1691 903 1774 proximi

227 1774 424 1858 quadraginta.
966 1776 967 1783 ’

236 1908 239 1913 ⁴
268 1856 374 1917 XLV.
402 1856 622 1916 Valentinianus
650 1858 802 1936 imperavit
824 1874 902 1915 annos

228 1937 403 2008 duodecim,
425 1938 519 1997 miuus
547 1936 645 1996 diebus
674 1958 798 1997 centum.
821 1936 902 2014 Hujus

227 2040 306 2102 patet
324 2020 478 2080 Gratianus
497 2017 636 2077 mediocri
648 2015 733 2098 stirpe
749 2039 825 2078 ortus
840 2013 903 2097 apud

230 2100 367 2170 Cibalas,
382 2101 519 2159 Fuuarius
532 2099 685 2180 appellatus
700 2098 756 2171 est,
771 2099 823 2170 ed,
836 2094 903 2180 qudd
964 2146 965 2149 ,

231 2182 403 2242 venalicium
414 2180 522 2240 ·funem
543 2183 667 2261 portanti
687 2184 815 2262 quinque
833 2177 900 2238 mili·

231 2282 272 2325 res
295 2265 442 2344 nequirent
464 2279 635 2342 extorquere.
658 2261 704 2320 Eo
725 2266 826 2323 merito
845 2255 902 2319 adl·
963 2328 964 2337 χ

232 2347 305 2407 citus
327 2348 357 2405 in
383 2344 542 2414 militiam,
571 2340 658 2424 usque
687 2344 725 2403 ad
752 2339 904 2423 praesedere

233 2429 405 2509 praetorianae
426 2428 582 2504 potentiam
604 2422 791 2495 conscendit3
810 2424 847 2483 ob
864 2441 905 2478 cu-

233 2514 277 2589 jus
298 2507 372 2588 apud
392 2507 496 2567 milites
523 2503 823 2575 commendationem,
848 2500 904 2561 Va-

233 2591 391 2650 lentiniano
420 2588 574 2669 Imperium
603 2582 738 2647 resistenti
764 2585 905 2668 oggeritur.

234 2669 293 2730 Hic
314 2671 470 2733 Valentem
491 2666 734 2748 consanguineum
760 2665 840 2726 suum
862 2661 907 2722 sibi

236 2751 346 2811 socium
371 2755 401 2810 in
424 2751 549 2830 Imperio
569 2746 718 2819 adscivit,
747 2770 780 2807 ac
805 2740 906 2806 <lemtim

237 2833 410 2906 Gratianum
435 2829 551 2900 filium,
578 2830 699 2891 necdum
724 2828 806 2908 plene
827 2826 907 2907 pube·

238 2934 320 2986 rem,
339 2909 454 2975 hortatu
477 2911 572 2979 socrus
594 2921 621 2973 &
644 2914 740 2973 uxoris
762 2903 907 2992 Augustum
