2056 3628
304 207 487 277 liras
529 205 569 276 V
572 208 603 276 1.
747 216 789 296 63

161 323 210 386 IV.
230 325 277 386 Ad
298 326 444 406 Illyricum
466 321 562 385 missus
578 323 617 385 est
637 324 695 387 Cn.
717 325 796 387 Cos·

127 410 214 468 conius
231 430 280 488 pro
295 405 423 468 Consule
438 431 444 464 ε
458 396 578 467 ωυΙιέιω
595 426 703 488 partem
714 408 792 468 Dal·
856 431 859 438 ¹

127 492 210 549 matiae
229 487 294 550 sube
318 490 338 548 't
349 534 361 557 ,
378 488 496 549 Salonas
512 489 585 568 cepit
606 513 613 546 z
631 499 659 550 dc
673 510 796 569 compo-

126 570 173 628 sito
196 571 270 630 bello
296 509 423 630 llomam
447 567 509 650 post
533 570 679 630 biennium
703 571 796 630 rediit,

160 650 197 710 V.
223 651 329 713 lisdem
349 670 406 710 tem
427 650 549 723 oribus,
571 649 684 712 Consul
708 652 795 712 Mar·

399 672 467 804 dus,
486 731 585 794 Catuli
595 733 723 827 collega,
739 734 798 794 bel-

126 750 169 791 cus
179 731 313 793 AEmilius
327 733 398 813 Lepi

127 812 180 873 lum
193 814 288 876 Civile
305 816 396 874 voluit
408 835 610 885 commovere3
624 834 696 874 mtra
710 837 798 876 unam

127 911 213 956 tamen
233 894 354 957 aestatem
374 915 469 956 motus
495 901 553 975 ejus
579 891 719 976 oppressus
747 896 796 959 est.

126 973 165 1035 lta
193 999 250 1039 uno
284 997 411 1058 tempore
444 977 527 1037 multi
550 978 634 1037 simul
663 976 800 1058 triumphi

127 1054 230 1119 fuerunt
246 1083 254 1116 ε
270 1059 403 1130 Metelli,
419 1080 454 1117 ex
474 1056 613 1137 Hispaniis
632 1082 639 1115 ε
653 1057 801 1138 Pompeii,

128 1135 253 1200 secundus
274 1162 308 1199 ex
330 1138 493 1220 Hispani23
513 1139 672 1208 Curionis,
685 1159 718 1198 ex
735 1141 803 1201 Ma·

128 1221 238 1282 cedonial
246 1247 256 1293 3
270 1221 400 1293 Servilii,
415 1243 448 1280 er
462 1219 576 1280 Isauris.

164 1302 215 1363 Vl.
228 1304 317 1363 Anno
338 1303 413 1362 urbis
435 1300 555 1361 conditae
576 1322 597 1360 1>
612 1322 629 1362 c
642 1321 658 1360 s
673 1322 694 1361 x
708 1322 763 1383 xxv
776 1323 798 1363 r.

128 1380 160 1442 La
186 1386 299 1444 Licinio
330 1383 470 1454 Lucullo,
494 1392 522 1444 &
548 1383 651 1442 Marco
685 1383 803 1444 Aurelio

131 1463 213 1526 cons
226 1464 418 1537 Consulibus,
435 1483 561 1525 mortuus
578 1462 617 1523 est
628 1463 803 1525 Nicomedes

129 1566 172 1604 rex
191 1545 348 1629 Bithyniae,
373 1557 401 1608 &
426 1567 473 1627 per
491 1544 687 1607 testamentum
709 1546 806 1627 Popu*

131 1626 184 1686 lum
194 1629 360 1690 Romanum
370 1627 437 1687 fecit
450 1627 590 1689 heredem.
601 1624 804 1699 Mithridates,

129 1727 192 1788 pace
220 1711 319 1791 rupti,
341 1707 505 1786 Bithyniam
529 1718 557 1770 δι
586 1708 684 1769 Asiam
711 1706 804 1769 rursus

129 1791 213 1851 voluit
225 1791 368 1853 invadere.
386 1789 525 1851 Adversus
543 1811 609 1849 eum
622 1790 709 1849 ambo
729 1810 804 1851 con·

131 1867 413 1944 sulesmissi,variam
422 1871 544 1931 habuere
552 1869 807 1931 fortunamCotta

130 1953 198 2033 apud
210 1953 428 2016 chalcedonem
438 1952 528 2015 vietus
537 1951 575 2011 ab
585 1972 620 2011 eo
631 1953 707 2023 acie,
719 1953 806 2013 etiam

130 2034 197 2096 intra
225 2037 364 2118 oppidum
399 2039 513 2096 coadlus
536 2031 594 2104 est,
617 2042 644 2094 δι
669 2031 806 2095 obsessus.

130 2115 182 2176 Sed
211 2116 277 2177 crim
304 2116 331 2177 se
361 2116 427 2176 inde
448 2113 631 2176 Mithridates
663 2114 807 2196 Cyzicum

128 2197 323 2270 transtulisset,
338 2218 371 2259 ut
381 2199 493 2280 Cyzico
506 2195 587 2277 capul
601 2216 692 2256 totam
706 2199 807 2263 Asiam

127 2278 285 2352 invaderet,
293 2281 426 2340 Lucullus
438 2282 464 2339 ei
473 2280 542 2339 alter
548 2275 660 2340 Consul
670 2279 808 2337 occurrit:

127 2382 158 2420 ac
178 2361 249 2422 dum
270 2359 452 2422 Mithridates
474 2363 504 2420 in
526 2358 676 2421 obsidione
703 2358 809 2438 Cyzici

129 2462 342 2514 commoratur,
362 2441 420 2524 ipse
445 2463 510 2502 eum
532 2439 548 2501 *a
567 2461 650 2534 tergo
674 2438 810 2509 obsedit,

129 2522 260 2608 fameque
277 2523 473 2605 consumpsit,
495 2533 524 2584 δι
540 2523 636 2582 multis
656 2521 757 2600 praeliis
770 2522 811 2579 vi·

129 2607 184 2666 cit:
199 2604 343 2688 postremd
356 2607 518 2666 Bizantium
534 2609 619 2686 (quae
628 2623 703 2662 nunc
715 2599 814 2662 Cons-

129 2690 316 2770 tantinopolis
336 2686 401 2763 est)
420 2688 531 2770 fugavit
548 2708 558 2757 3
580 2684 674 2745 navali
697 2704 812 2765 quoque

127 2771 223 2849 praelio
255 2770 338 2834 duces
361 2777 419 2851 ejus
440 2768 574 2832 Lucullus
598 2769 742 2851 oppressit.
766 2765 813 2826 Ira
