1982 3614
161 225 219 276 ua
240 207 358 276 Virus
376 225 666 278 transmutas.
696 232 763 297 207

77 326 207 390 Consuli
227 329 336 410 legatus
359 329 388 387 in
408 327 508 388 Asiam
533 327 696 409 profesius,
718 351 767 409 pet

75 410 258 471 simultatem
285 405 433 479 dimissus,
458 430 587 485 corrupto
615 412 765 482 exercitu,

76 491 185 551 ducem
203 488 426 550 interficiendum
444 492 558 550 cutavit.
578 489 640 570 lpse
657 512 766 572 correp-

77 574 114 632 tis
133 573 249 648 imperii
266 571 446 652 insignibus,
465 573 639 651 provinciam
656 572 765 654 ingres-

77 650 124 733 sus
136 697 149 722 ,
163 649 365 711 Mithridatem
375 652 516 734 Pergamo
532 654 645 731 expulit.
659 653 763 725 Ilium,

79 733 133 794 ubi
152 730 260 793 tardids
279 750 364 812 pottae
382 751 550 813 patuerunt,
571 733 683 792 incendi
700 739 762 813 jus-

79 817 117 875 sit
130 857 140 885 ,
165 814 217 872 ubi
231 814 368 873 Minervae
381 814 518 893 templum
532 814 700 874 inviolatum
714 813 765 874 ste·

78 897 137 966 tit,
157 893 239 975 quod
256 893 352 953 divina
366 892 508 974 majestate
524 890 662 954 servatum
678 916 763 955 nemo

80 975 235 1035 dubitavit.
254 975 365 1034 Ibidem
381 975 507 1035 Fimbria
528 976 635 1035 militiae
654 978 762 1055 princi·
783 1037 788 1045 ,

80 1078 130 1137 pes
147 1054 238 1115 securi
254 1057 406 1135 percussit3
428 1077 495 1115 mox
510 1052 527 1112 it
541 1055 620 1115 Sullai
633 1057 683 1115 Pet
705 1060 763 1116 ami

80 1135 230 1208 obsessus,
253 1156 382 1217 corrupto
399 1138 521 1196 exercitu
539 1135 660 1197 desertus
676 1077 765 1199 semet

79 1218 199 1278 occidit.

121 1297 234 1358 LXXI.
255 1295 402 1358 Viriathus
415 1317 517 1381 genere
530 1298 679 1359 Lusitanus
692 1343 702 1369 ,
724 1300 764 1358 ob

81 1397 277 1460 paupertatem
303 1378 396 1459 priuati
423 1380 630 1449 mercenarius,
663 1378 764 1440 deinde

10 1530 13 1537 1
83 1462 230 1520 alacritate
250 1464 365 1530 vesiot,
389 1458 506 1519 audacid
526 1460 619 1532 latro,
640 1459 676 1520 ad
693 1460 762 1540 pos-

84 1561 208 1601 tremum
225 1541 307 1610 dux,
329 1540 436 1600 bellum
458 1540 602 1600 adverstim
616 1541 764 1602 Romanos

84 1620 223 1702 sumpsit,
236 1643 388 1715 eorumepue
398 1622 600 1702 Imperatorem
610 1622 765 1684 Claudium

83 1703 291 1774 Unimanum,
311 1702 377 1762 dem
396 1702 433 1763 C.
451 1703 602 1787 Nigidium
621 1707 764 1784 oppressit.

84 1783 191 1844 Pacem
217 1781 360 1864 ipopulo
381 1784 514 1844 Romano
534 1786 636 1843 maluit
657 1791 766 1878 integer

84 1885 204 1944 petere,
224 1863 312 1945 quim
328 1868 439 1934 vislust
462 1875 489 1925 &
509 1862 572 1923 crim
592 1864 647 1923 alia
666 1863 763 1924 dedis-

85 1944 148 2017 set,
164 1954 194 2005 &
211 1966 290 2005 arma
303 1948 507 2016 retinerentur,
524 1944 632 2003 bellum
649 1965 767 2005 renova·

84 2028 136 2087 vit.
157 2026 261 2106 Caepio
278 2025 342 2087 etim
359 2030 470 2088 vincere
483 2027 563 2086 aliter
580 2046 639 2084 non
654 2022 764 2106 posset,

86 2107 158 2167 duos
179 2104 311 2167 satellites
322 2105 450 2248 paeanii
465 2108 611 2187 corrupit,
634 2109 685 2188 qui
703 2108 764 2167 Vi-

84 2186 211 2247 riathum
223 2185 312 2248 humo
344 2190 482 2269 epositum
495 2207 677 2269 peremerunt
693 2189 766 2266 Quae

85 2271 232 2341 vistotia,
251 2271 320 2351 quia
334 2288 429 2350 empta
450 2288 528 2341 erat,
548 2268 566 2330 it
582 2269 686 2330 Senatu
705 2290 765 2329 non

84 2352 213 2430 probata.
756 2382 759 2387 Δ

125 2429 270 2492 LXXII.
292 2432 408 2495 Marcus
422 2431 560 2493 AEmilius
576 2431 694 2497 Scaurus
709 2451 767 2489 no-

87 2510 177 2583 bilis,
199 2533 327 2594 paupet3
349 2533 417 2574 nam
438 2533 515 2594 pater
533 2518 614 2593 ejus,
635 2513 766 2592 quamvis

86 2595 220 2674 patricius
243 2639 252 2665 ,
284 2594 324 2653 ob
353 2614 542 2674 paupertatem
570 2593 765 2653 carbonarium

88 2676 235 2757 negotium
255 2678 383 2736 exercuit.
408 2675 470 2756 ipse
489 2670 583 2756 primi>
602 2673 764 2746 dubitavit,

87 2752 209 2818 bonores
226 2775 353 2836 peteret,
376 2778 412 2818 an
431 2758 617 2841 argentariam
636 2753 762 2827 faceret,
