2010 3616
294 276 476 348 LIBER
515 279 592 346 IX.
718 296 784 370 ‘103

97 394 229 466 Graecia,
240 394 434 466 Macedonia,
445 396 567 468 Pontus,
580 394 668 467 Asia,
681 397 789 462 vastata

98 498 149 558 per
166 474 292 538 Gothos.
311 477 461 538 Pannonia
481 477 498 537 ὲ
513 480 649 539 Sarmatis
666 479 789 557 Quadis·

99 580 166 652 que.
176 558 312 640 populata
331 555 378 618 est.
397 559 536 620 Germani
558 559 646 641 usque
665 561 702 620 ad
719 560 788 623 His·

98 660 200 780 pamas
213 659 426 719 penetraverunt
444 650 471 701 δι
494 642 638 701 civitatem
657 643 786 704 nobilem

131 740 297 780 arraconem
318 724 553 804 expugnaverunt.
578 721 699 793 Parthi,
718 725 786 784 Me·

98 801 265 881 soporamii
287 801 447 883 occupati,
474 803 586 885 Syriam
606 804 662 864 sibi
686 825 783 887 coepe-

98 903 166 944 runt
183 882 336 943 vindicare.

142 963 188 1023 IX
206 962 285 1022 Ttim
309 969 367 1043 jam
388 963 538 1046 desperatis
557 965 661 1038 rebus,
680 975 708 1027 δε
732 965 784 1028 de·

99 1044 161 1105 leto
180 1045 251 1124 pene
267 1047 387 1126 imperio
409 1046 563 1118 Romano,
583 1045 730 1108 Postumus
754 1052 785 1109 in

101 1124 217 1197 Gallia,
230 1124 427 1187 obscurissime
437 1147 535 1199 natus,
550 1148 701 1207 purpuram
711 1126 787 1188 sum-

100 1209 185 1287 psit:
210 1215 237 1266 &
256 1228 304 1287 per
321 1230 411 1269 annos
436 1208 534 1268 decem
555 1206 595 1266 iti
614 1211 785 1290 imperavit,

99 1307 134 1347 ut
168 1286 349 1369 consumptas
386 1290 457 1370 pene
485 1290 644 1369 provintias
675 1292 786 1373 ingenti

101 1370 205 1427 virtute
219 1378 246 1429 &
263 1369 459 1430 moderatione
476 1373 665 1450 reparaverit:
700 1373 729 1430 ui
742 1367 787 1430 se·

104 1449 214 1508 ditione
227 1452 351 1511 militum
369 1450 530 1512 interfectus
545 1449 599 1523 est,
619 1393 698 1533 qubd
710 1453 785 1512 Mo·

103 1532 271 1613 gontiacum
284 1578 296 1601 ,
318 1553 379 1613 quae
400 1531 529 1594 adversris
548 1553 612 1591 eum
632 1534 787 1594 rebellave-

101 1630 169 1680 rat,
191 1613 227 1671 L.
243 1612 365 1673 AEliano
384 1635 427 1675 rer
449 1636 537 1674 novas
560 1614 715 1687 moliente,
736 1614 785 1674 di-

101 1692 263 1771 ripiendam
283 1693 421 1754 militibus
440 1694 546 1754 tradere
564 1692 701 1756 noluiffet.
721 1694 788 1755 Post

98 1793 169 1832 eum
201 1774 333 1846 Marius,
356 1776 506 1836 vilissimus
534 1774 653 1855 opifer,
676 1798 785 1856 purpu-

101 1874 163 1914 ram
178 1858 304 1934 accepit,
322 1865 350 1914 δι
364 1855 486 1917 seeundo
500 1856 545 1915 die
562 1855 724 1916 interfectus
738 1854 786 1919 est.

101 1934 270 1996 Vidiorinus
291 1935 385 2016 postea
407 1937 567 1998 Galliarum
593 1938 702 2017 accepit
725 1937 787 1996 im·

100 2018 235 2097 perium,
257 2018 300 2076 vir
325 2015 557 2079 strenuissimus:
581 2014 713 2076 sederim
736 2019 786 2078 ni-

99 2099 168 2157 miae
186 2096 313 2158 hbrdmrs
332 2095 418 2171 effer,
438 2107 465 2159 &
484 2099 667 2158 matrimonia
695 2098 789 2162 aliena

101 2197 312 2259 corrumperet,
333 2181 496 2263 Agrippinae
515 2179 622 2239 occisus
644 2177 703 2252 est,
723 2179 787 2240 Ac-

101 2262 201 2320 tuario
221 2259 347 2354 quodam
372 2261 470 2320 dolum
495 2257 699 2334 machinante,
726 2262 787 2322 im-

102 2342 174 2422 perii
196 2339 238 2401 sur
261 2362 337 2401 anno
354 2338 485 2401 secundo.
675 2396 679 2399 ,

143 2421 274 2482 X.'Huic
291 2420 419 2484 successit
437 2422 567 2482 Tetricus
579 2422 719 2494 Senator,
736 2424 788 2504 qui

101 2502 292 2584 Aquitaniam
312 2501 420 2564 honore
432 2504 553 2586 praesidis
570 2501 786 2576 administrans,

100 2583 205 2644 absens
227 2581 244 2643 i
266 2585 405 2646 militibus
422 2585 578 2666 imperator
603 2585 706 2644 electus
726 2582 789 2657 est,

99 2674 131 2725 δι
155 2665 233 2747 apud
249 2665 437 2751 Burdegalam
480 2685 612 2748 urpuram
639 2661 788 2745 sumpsit:

100 2744 257 2808 seditiones
284 2748 386 2808 multas
418 2688 543 2808 rnilitum
578 2747 699 2829 pertulit.
732 2746 790 2810 Sed

97 2826 174 2890 dum
194 2826 255 2892 hate
272 2831 303 2892 in
324 2828 422 2894 Gallia
444 2848 576 2915 geruntur
587 2875 614 2974 ,E
620 2831 651 2889 in
671 2829 790 2894 Oriente

635 2931 666 2973 ιν
