1982 3614
238 306 308 367 270
370 278 503 349 Aua.
533 280 748 349 Vrcrou

237 399 301 459 crim
321 398 357 459 ad
374 398 535 459 siccandam
551 400 657 458 lacunis
676 420 709 458 ac
728 395 802 457 fossi
815 397 898 457 urben

237 483 291 559 ipsi
305 483 423 560 patriam
439 481 637 563 adigerentur,
656 501 719 560 quae
733 478 841 559 palustri
852 478 900 538 solo

241 560 411 621 hiemalibus
428 562 508 642 aquis
523 563 716 641 corrumpitur.
727 558 837 620 Abhinc
853 562 900 618 rui-

239 643 327 703 litaris
346 645 473 722 potentia
497 643 661 712 convaluit,
684 663 718 701 ac
731 642 842 702 Senatui
858 643 903 699 in-

88 726 93 733 ’
165 796 171 809 Ι
239 725 372 804 perium,
395 722 563 804 creandique
582 728 625 802 jus
641 722 777 802 Principis
799 742 903 803 ereptum

241 803 277 864 ad
295 801 419 865 nostram
438 808 608 865 memoriam
626 827 633 861 ε
652 806 790 863 incertum
805 826 839 862 an
854 800 903 882 ipso

242 887 369 964 cupiente
387 905 436 964 per
454 884 616 955 desidiam,
638 906 675 944 an
697 892 779 944 meru'
794 883 838 944 seu
852 881 902 943 dil·

236 963 403 1026 sensionum
427 965 506 1026 odio.
533 966 647 1046 Quippe
672 962 772 1025 amillo
798 965 903 1026 Gallieni

241 1046 356 1117 edici0,
371 1043 448 1110 refici
460 1048 564 1109 militia
577 1047 690 1126 potuit,
705 1046 902 1106 concedentibus

244 1125 369 1187 modeste
387 1128 569 1210 legionibus,
583 1128 688 1187 Tacito
703 1147 850 1212 regnante,
864 1146 904 1185 ne-

245 1230 300 1290 que
318 1208 463 1269 Florianus
482 1209 585 1271 temere
603 1205 765 1278 invasisset,
787 1229 832 1269 aut
847 1206 904 1286 judi·

244 1292 291 1350 cio
311 1290 552 1369 manipularium,
574 1291 727 1370 cuiquam,
748 1290 824 1349 bono
837 1290 903 1355 licet,

154 1389 157 1395 ’
243 1372 286 1429 im
307 1373 395 1431 etium
422 1370 560 1442 daretur,
588 1371 763 1451 amplissimo
786 1391 818 1430 ac
841 1386 904 1428 tauto

245 1392 343 1514 ordine
376 1454 406 1511 in
436 1450 528 1513 caſtris
556 1450 691 1534 degenter
715 1449 822 1511 Verdm
851 1449 905 1508 dum

246 1532 421 1595 obledlantur
434 1536 517 1603 otio,
535 1532 673 1614 simulque
687 1530 792 1592 divitiis
805 1547 904 1611 pavent,

247 1633 365 1692 quarum
400 1611 482 1673 usum
516 1613 744 1693 affluenciamque
776 1615 905 1672 aeternitate

246 1698 336 1771 majus
362 1712 491 1774 putant,
524 1694 667 1755 munivdre
695 1695 856 1767 militaribus
880 1709 905 1747 ar

247 1774 317 1854 pene
334 1774 463 1836 Bnbaris
480 1776 559 1837 viam
577 1777 608 1836 in
624 1773 652 1835 se
674 1796 708 1834 ac
729 1772 846 1856 posteros
862 1771 904 1830 do·

246 1856 385 1916 minandi.

286 1935 492 1997 XXXVIII.
521 1936 611 2019 Igitur
640 1935 732 1997 Carus
763 1929 907 1996 Praefeeaul

247 2018 355 2096 pollens
377 2018 525 2088 Praetorii,
548 2014 666 2100 augusto
689 2015 810 2088 habitu,
832 2014 906 2075 libetis

248 2096 406 2158 Caelaribus
440 2097 549 2160 Carino
565 2143 578 2166 ,
612 2098 849 2178 Numerianoque.
877 2092 906 2152 Et
964 2126 965 2151 r

247 2181 384 2257 quoniam
412 2177 527 2261 cognitis
554 2179 642 2238 Probi
667 2199 759 2238 morte
782 2178 903 2238 Barbam·
964 2218 965 2263 l

247 2279 309 2318 rum
330 2262 435 2340 quique
455 2261 611 2340 opportunh
632 2257 813 2328 invaserant,
840 2249 906 2316 millo

218 2410 220 2413 Ι
247 2338 285 2399 ad
302 2343 511 2399 munimentum
522 2340 623 2402 Galliae
640 2346 747 2420 majore
764 2340 839 2410 lilio,
857 2335 907 2396 Nu·

249 2423 368 2481 muriani
390 2424 525 2481 comitatu
549 2423 579 2480 in
601 2420 840 2500 Mesopotamiam
860 2435 908 2497 per·

248 2504 293 2641 git
311 2501 456 2582 protinus,
477 2499 556 2642 qpebd
571 2524 604 2562 ea
619 2501 764 2562 Persarum
783 2501 858 2583 quasi
872 2494 909 2557 lo·

473 2606 492 2642 u

527 2581 558 2643 st.
591 2584 654 2645 Ubi
680 2581 748 2643 fusis
777 2579 908 2644 hostibus,

260 2586 326 2644 euni
357 2584 433 2643 bello
459 2582 476 2643 l

251 2662 319 2724 dum
346 2666 443 2747 gloriae
472 2662 627 2724 inconsulti
657 2664 794 2734 avidior,
825 2659 908 2721 Ctesi·

170 2776 174 2782 .
205 2760 210 2766 “
250 2736 358 2822 phohta
379 2747 476 2804 urbem
493 2743 612 2805 Parthiae
635 2745 769 2822 inclytam
789 2740 911 2828 transgir-

251 2823 346 2897 ditur,
367 2825 494 2889 fulminis
510 2831 586 2888 tadiu
605 2827 797 2909 conflagravit.
813 2822 845 2883 Id
857 2835 911 2900 quu-
