1972 3624
196 229 260 315 308
312 224 437 296 Aur.
467 224 743 296 Vrcrours

193 344 325 417 cesserat,
342 345 475 416 indulsit3
493 345 609 405 afflictas
624 348 749 405 civitates
766 343 870 404 releva-

192 430 235 487 vit
241 450 251 498 3
262 428 382 509 puellas,
390 423 545 506 puerosque
553 447 635 486 natos
644 426 801 506 parentibus
809 447 870 509 ege-

192 506 273 568 stosis
292 507 405 588 sumptu
417 507 530 587 publico
545 528 592 587 per
605 507 694 567 Italiac
712 506 815 587 oppida
834 508 872 567 ali

193 591 281 668 jussit.
297 587 354 648 Hic
369 609 406 647 ne
421 585 750 648 accelsu'malevolorum
766 606 874 646 terrere·

193 688 260 738 tur,
276 667 354 729 Junii
369 669 493 727 Maurici
505 667 656 729 constantis
670 672 726 729 viti
743 669 819 728 dicto
835 667 874 729 iu

193 749 370 809 admonetur.
393 749 453 826 Qui
479 752 612 809 convivio
636 748 772 809 familiari
793 747 877 810 adhi-

193 831 288 902 bitus,
310 829 375 890 culm
392 831 584 909 Vejentonem
606 829 748 890 consulari
766 828 878 890 honore

194 909 323 971 funerum
343 910 459 992 quidem
487 911 562 990 apud
588 906 813 986 Domitianum,
836 932 879 974 ta·

193 1013 261 1051 men
287 993 390 1052 multos
410 991 526 1051 occultis
552 993 797 1053 criminationibus
817 1014 880 1073 per·

194 1071 345 1145 secutum,
377 1069 466 1133 adesse
484 1069 617 1144 vidisset3
637 1076 710 1132 inter
734 1075 882 1156 colloquia

194 1157 339 1214 mentione
359 1153 468 1214 Catulli
486 1151 563 1214 factu
583 1156 795 1215 calumniatoris
813 1176 882 1235 prae·

195 1237 294 1315 cipui,
313 1235 421 1295 dicente
430 1232 546 1306 Nerva,
564 1235 644 1311 Quid
663 1258 740 1296 nunc
755 1235 880 1309 faceret,

196 1317 220 1374 si
246 1317 416 1375 Domitiano
444 1313 658 1396 supervixisset?
693 1315 881 1390 Nobiscum,

195 1397 225 1455 in
247 1397 288 1456 uit
307 1397 470 1466 Mauricus,
488 1417 617 1457 coenaret.
639 1395 698 1456 Hic
715 1393 881 1481 jurgiorum

190 1418 363 1557 disceptator
393 1487 421 1538 &
455 1476 654 1538 scientissimus
684 1487 711 1538 &
747 1478 883 1561 frequens

195 1556 258 1618 fuit.
283 1557 471 1640 Calpurnium
494 1556 645 1631 Crassum,
666 1563 814 1638 promissis
833 1564 882 1622 in-

195 1640 326 1720 gentibus
358 1643 469 1699 animos
497 1641 621 1700 militum
648 1660 853 1718 pertentantem
868 1688 881 1714 ,

195 1720 355 1791 decessum,
378 1718 611 1802 consessumque,
632 1721 796 1782 Tarentum*
814 1745 882 1784 cum

196 1822 280 1862 uxore
298 1802 436 1872 removit,
456 1800 585 1862 Patribus
601 1802 748 1864 lenitatem
767 1808 827 1881 ejus
838 1808 882 1866 in-

195 1883 378 1963 crepantibus.
403 1881 537 1966 cumque
560 1882 750 1944 interfectores
775 1885 883 1945 Domi·

196 1964 267 2022 tiani
287 1964 323 2024 ad
344 1966 460 2025 exitium
485 1963 682 2045 poscerentur,
704 1964 815 2026 tantum
841 1966 882 2027 est

196 2040 407 2117 consternatus,
433 2065 463 2106 ut
482 2042 573 2127 n'eque
594 2047 761 2118 vomitum,
787 2069 880 2129 neque

197 2126 335 2205 impetum
345 2131 448 2187 ventris
458 2127 576 2187 valuerit
588 2124 699 2186 differre
714 2152 721 2185 :
737 2137 765 2188 &
783 2149 878 2190 tamen

196 2203 375 2266 vehementer
395 2207 523 2279 obstitit,
545 2208 675 2267 distitans
697 2211 805 2289 aequius
827 2207 879 2270 else

196 2290 289 2358 mori,
309 2286 394 2369 qu‘am
412 2291 608 2349 audioritatem
625 2291 737 2369 imperii
754 2289 878 2363 soedare,

197 2370 315 2450 proditis
335 2371 464 2449 potentiae
478 2369 619 2430 sumenda:
638 2371 808 2431 austoribus.
823 2372 878 2432 Sed

152 2462 153 2473 ¹
196 2452 301 2511 milites
323 2450 452 2534 neglesso
471 2454 560 2532 princi
581 2474 621 2521 e,
643 2454 807 2532 requisitos,
829 2454 880 2513 Pe·

198 2535 322 2593 cronium
335 2553 392 2591 uno
409 2535 483 2602 icio,
501 2472 683 2592 Paulrenium
695 2530 764 2592 verb
782 2534 878 2615 demp-

197 2613 233 2671 tis
252 2611 326 2691 pritls
349 2612 539 2696 genitalibus,
560 2622 588 2674 &
609 2615 640 2672 in
662 2635 694 2672 os
720 2617 879 2693 comedis,

197 2694 387 2773 jugulavdre,
413 2694 558 2774 redempto
585 2696 697 2777 magnis
719 2692 879 2777 sumptibus

199 2771 336 2856 Casperio
347 2797 359 2850 3
382 2777 432 2857 qui
457 2773 556 2837 scelere
583 2794 642 2838 tam
664 2777 735 2835 truci
757 2774 880 2839 insolen-
