2010 3616
153 305 211 354 Da
232 289 272 357 V
269 306 354 356 rurs
374 276 666 356 armannus.
699 296 762 371 169

80 411 179 467 mitem
197 409 314 467 alteram
331 406 460 478 habens,
480 406 544 467 crim
560 406 714 488 Tarquinii
731 405 768 465 fi-

80 491 131 550 lios
151 491 213 570 pari
230 491 329 548 ammo
345 489 469 560 videret,
489 509 520 548 ut
537 491 668 548 omnium
686 509 768 547 meu-

80 590 118 630 tes
152 592 266 631 morum
295 570 454 630 diversitate
487 571 585 629 leniret
599 594 610 641 ,·
642 569 767 629 ferocem

80 645 165 723 miti,
185 654 287 710 mitem
300 650 389 710 feroci
402 654 432 710 in
449 653 664 710 matrimonium
676 651 765 710 dedit.

81 733 134 803 Sed
157 735 265 803 mites,
289 729 336 791 seu
357 732 453 803 forte,
478 728 526 791 seu
553 731 650 791 fraude
672 735 766 811 perie-

81 835 169 885 runt,
190 813 299 873 feroces
313 835 425 873 motum
441 813 597 873 similitudo
612 817 768 914 conjunxit.

80 896 188 957 Statim
203 895 377 976 Tarquinius
396 895 535 974 Superbus
552 893 679 954 ‘aTullia
696 898 770 954 inci'-

82 996 156 1036 tatus
168 1023 178 1047 ,
190 976 331 1037 advocato
345 979 469 1046 Senatu,
490 997 608 1059 regnum
623 993 779 1055 paternum·

82 1078 208 1138 repetere
235 1060 328 1137 coepit.
353 1056 425 1135 >Qui
452 1078 480 1115 re
508 1057 604 1116 auditi
627 1058 737 1117 Servius
760 1103 769 1128 ,

86 1140 155 1198 dum
176 1139 214 1200 ad
225 1139 346 1200 Curiam
364 1158 515 1220 properat,
538 1135 608 1216 juilu
619 1137 772 1218 Tarquinii

85 1220 222 1303 gradibus
242 1220 389 1298 dejectus,
420 1229 446 1279 &
466 1219 585 1278 domum
606 1218 769 1302 refugiens,
844 1250 849 1262 ·

86 1301 250 1361 interfeelus
265 1299 312 1360 est.
326 1301 425 1359 Tullia
442 1298 536 1359 statim
556 1302 585 1359 in
599 1299 693 1358 forum
710 1321 774 1378 pro·

86 1385 221 1463 fetavit,
243 1391 270 1442 &
290 1385 381 1461 prima
401 1387 485 1460 conju
507 1403 553 1440 em
570 1381 680 1464 Regem
699 1379 775 1441 salu-

88 1468 185 1534 tavit,
207 1462 224 1522 it
249 1484 307 1544 quo
333 1459 402 1543 julla
426 1403 507 1522 curbi
532 1462 685 1533 decedere,
710 1463 774 1522 crim

88 1545 211 1604 domum
231 1544 352 1615 rediret,
373 1541 436 1605 viso
453 1547 537 1624 pattIs
552 1565 667 1624 corpore
678 1592 690 1614 ,
713 1566 774 1604 mu-

87 1628 199 1686 lionem
219 1628 371 1684 esitantem
389 1624 468 1705 super
480 1624 572 1705 ipsum
591 1647 690 1705 corpus
708 1648 773 1685 car-

89 1729 209 1788 pentum
239 1728 322 1790 agere
343 1708 500 1787 praecepit,
525 1706 599 1765 unde
623 1709 701 1766 vicus
727 1707 775 1765 ille

88 1791 247 1849 Sceleratus
267 1788 366 1847 dietus.
385 1784 485 1846 Posteit
503 1787 601 1847 Tullia
620 1809 686 1846 cum
704 1809 775 1847 con-

87 1875 159 1954 juge
177 1872 208 1928 in
227 1870 356 1929 exsilium
375 1872 437 1928 asta
458 1866 504 1928 est.
765 1860 768 1869 ’

133 1950 239 2009 VIII.
260 1949 433 2029 Tarquinius
453 1950 592 2029 Superbus
613 1971 775 2027 cognomen

90 2031 224 2092 moribus
250 2034 358 2090 meruit.
385 2029 492 2090 Occiso
521 2033 617 2092 Servio
645 2033 776 2110 Tullio„

88 2133 216 2196 regnum
240 2110 351 2171 sceleste
378 2115 534 2191 occupavit.
560 2113 672 2173 Tamen
703 2115 777 2173 bello

88 2194 221 2254 strenuus
243 2240 252 2264 ‚
285 2194 403 2252 Latinos
432 2191 617 2276 Sabinosque'
635 2195 777 2264 domuit}

89 2273 223 2336 Sueffam
244 2275 405 2334 Pometiam
428 2273 541 2335 Volscis
561 2279 660 2357 eripuit
676 2300 685 2346 3
704 2277 777 2337 'Ga—

79 2359 158 2418 bios
179 2376 228 2436 pet
245 2356 360 2416 Sextum
379 2354 492 2426 lilium,
513 2354 645 2417 simulato
661 2356 781 2416 transfu-

88 2441 169 2522 gio,
194 2439 225 2495 in
243 2436 407 2515 potestatem
427 2438 558 2520 redegit,
579 2448 606 2498 δ(
625 2437 707 2497 ferias
725 2439 780 2497 La-

88 2524 171 2579 tinas
191 2520 295 2596 primus
320 2517 447 2582 instituit.
468 2520 554 2578 foros
574 2521 603 2578 in
620 2519 732 2589 Circo,
754 2528 782 2578 dt

77 2604 230 2660 ,cloacam
257 2602 413 2659 maximam
433 2598 524 2670 fecit,
549 2601 598 2658 ubi
619 2603 703 2659 totius
743 2622 780 2658 o-

85 2683 155 2763 puli
186 2679 385 2741 viribususus
415 2678 453 2738 est
472 2705 479 2738 ι
499 2680 572 2739 unde
600 2680 653 2739 illae
678 2622 754 2741 follit
773 2729 807 2759 ,Ι

84 2761 258 2840 Quiritium
287 2759 352 2821 sunt
379 2761 469 2821 dietae.
504 2761 581 2822 Ctim
606 2761 784 2842 Capitolium

81 2847 263 2924 inciperet,
295 2863 377 2924 mput
402 2840 526 2904 hominis
549 2845 657 2905 invenit
678 2891 687 2916 ,
712 2846 785 2906 unde
