2010 3616
212 208 347 277 ORIGO
366 176 528 276 Gensis
545 211 655 280 Rom.
709 226 774 302 157

91 325 181 388 Rhea
191 326 276 388 Silvia
288 348 370 391 natos
382 328 528 388 Amulium
538 349 632 413 regem
645 331 667 389 F
669 329 790 406 austulo,

91 406 180 468 servo
191 409 330 469 necandos
340 407 441 469 dediffe
451 434 457 466 :
468 409 515 469 sed
526 432 590 471 eum
600 410 776 472 'aNumitore

92 509 242 550 exoratum
252 513 287 551 ne
299 492 376 569 pueri
389 512 566 563 necarentur,
583 498 661 553 Accae
673 494 778 553 Laren-

92 572 142 630 tiae
167 575 263 632 amicae
286 570 342 632 suae
359 573 521 633 nutriendos
539 571 665 644 dedisse,
689 597 776 656 quam

93 653 267 722 mulierem,
283 673 318 711 eo
331 652 409 734 quod
420 655 509 733 pretio
523 675 621 735 corpus
634 653 699 716 ellet
713 656 777 717 vul-

92 753 164 814 gare
178 732 280 804 solita,
294 734 403 814 Lupam
418 733 533 795 didam.
548 737 657 796 Notum
674 740 741 818 quip
761 756 777 796 e

93 815 135 873 ita
155 815 289 894 appellari
308 815 435 875 mulieres
452 815 583 896 quaestum
602 839 722 898 corpote
736 759 778 879 li-

94 896 225 966 cientes,
248 896 321 956 unde
340 905 367 956 δι
380 895 519 977 ejusmodi
535 899 612 969 loci,
628 900 658 959 in
676 900 778 980 quibus

95 973 157 1035 haec
171 976 342 1048 consistunt,
353 978 511 1056 Lupanaria
523 979 606 1039 diua.
622 979 701 1041 Ctim
709 979 778 1045 verb

94 1059 175 1135 pueri
186 1058 309 1118 liberalis
320 1056 472 1136 disciplinae
481 1080 594 1139 capaces
604 1060 672 1121 fatti
683 1058 778 1133 essent,

95 1136 200 1198 Gabiis
216 1138 377 1199 Graecarum
392 1141 612 1222 Latinarumque
624 1143 778 1202 litterarum

96 1217 310 1279 ediscendarum
331 1220 420 1304 grati&
437 1242 649 1291 commoratos,
666 1223 777 1283 Numi-

96 1318 156 1359 tore
175 1322 232 1360 avo
251 1302 324 1360 clam
343 1304 441 1362 omnia
462 1299 698 1363 subministrante.
715 1305 780 1364 lta·

96 1402 151 1520 pue
166 1402 198 1441 ut
213 1381 335 1461 primum
349 1381 550 1454 adoleviffent,
565 1384 721 1444 Romulum
734 1386 780 1445 in·

117 1465 173 1522 icio
203 1462 359 1524 educatoris
383 1462 505 1525 Faustuli
533 1484 676 1545 comperto
691 1468 779 1548 ,qui

96 1544 151 1603 sibi
167 1566 238 1604 avus
254 1590 264 1614 ,
283 1566 344 1626 quae
361 1566 452 1606 mater
472 1543 562 1607 foillet
575 1592 584 1617 ‚
599 1547 723 1629 quidque
742 1547 778 1608 de

96 1624 131 1684 eal
153 1624 265 1685 factum
291 1623 374 1698 ellet,
400 1649 464 1687 curn
489 1630 601 1688 armatis
623 1627 779 1707 pastoribus

96 1707 205 1766 Albam
235 1707 359 1785 protinus
383 1705 524 1787 perrexisse
538 1754 550 1778 ,
576 1709 779 1790 interfectoque

96 1789 217 1847 Amulio
240 1787 420 1848 Numitorem
440 1806 534 1849 avum'
546 1792 576 1849 in
593 1811 712 1884 regnum
734 1810 779 1849 re·

96 1867 236 1928 stitutum.
261 1868 417 1930 Romulum
435 1890 530 1931 autem
550 1868 686 1931 ‘avutam
710 1891 777 1929 ma-

96 1950 248 2031 gnitudine
267 1951 460 2030 appellatum,
479 1972 547 2010 nam
565 1949 664 2011 Graece
681 1948 779 2032 lingui

94 2030 196 2112 ρωμὴν
220 2033 351 2091 virtutem
370 2031 427 2091 dici
447 2052 551 2091 certum
577 2028 624 2090 est.
650 2032 779 2093 Alterum

94 2110 164 2171 verb
190 2110 313 2171 Remum
338 2112 467 2185 dictum,
491 2111 622 2173 videlicet
647 2111 663 2172 ὲ
686 2112 778 2175 tardi-

95 2212 154 2252 tate
170 2239 181 2263 ,
201 2194 307 2274 quippe
321 2195 385 2254 talis
402 2213 505 2254 naturae
522 2191 651 2255 homines
667 2194 706 2254 ab
721 2216 777 2255 an-

95 2275 185 2354 tiquis
205 2295 328 2335 remores
345 2275 423 2335 dicti.
772 2311 775 2317 ·
847 2306 850 2311 >

138 2354 252 2414 XXII.
275 2354 364 2436 Igitur
385 2359 477 2428 adis,
504 2377 564 2437 quae
594 2354 673 2436 supra
699 2356 776 2417 dixi-

95 2456 183 2506 mus,
201 2457 229 2494 re
244 2434 340 2496 divini
354 2436 431 2497 fact&
444 2459 478 2496 eo
495 2439 523 2496 in
537 2439 624 2507 loco,
640 2440 690 2517 qui
703 2456 779 2495 nunc

94 2517 240 2596 Lupercal
257 2517 382 2587 dicitur,
400 2517 549 2578 ludibundi
566 2515 777 2585 discurrerunt,

93 2598 218 2679 pellibus
236 2595 391 2658 hostiarum
410 2596 586 2660 occursantes
605 2594 731 2677 quosque
745 2599 780 2656 si-
810 2664 812 2667 v

92 2679 187 2739 birnet
206 2681 383 2741 verberantes
402 2703 412 2750 3
430 2699 515 2759 utque
534 2676 647 2751 solenne
670 2675 778 2738 sacrifi-

91 2761 174 2855 fium
188 2760 262 2844 sibi,
281 2757 451 2842 posterisqup
462 2756 590 2855 idpellet,
607 2757 779 2831 sanxerunt,
846 2854 849 2865 Ι
