1982 3614
182 216 278 305 '204
355 216 726 290 AunVrcrou

204 359 285 401 mum
309 337 386 397 dedit
412 361 422 409 3
452 347 480 399 &
508 340 549 398 ibi
577 339 712 400 Remmio
743 340 895 424 collegae,
984 380 985 401 ἶ

206 420 336 502 quaedam
349 419 384 479 de
395 419 513 479 utilitate
526 420 697 500 Reipublicae
711 420 892 505 suggerenti,
984 422 985 443 ¹

203 501 288 578 Quid
308 502 381 571 tibi,
400 503 492 581 inquit
505 546 514 571 ,
527 522 592 560 cum
610 502 753 581 republici
769 502 891 567 nostrai?

206 581 338 659 Quaestor
357 584 387 641 in
407 580 477 641 Asia
494 582 577 641 nullis
596 583 754 664 insignibus
774 588 816 644 uti
834 607 894 644 vo·
985 614 986 647 1

207 665 284 734 luit,
303 683 339 721 ne
356 661 425 743 quid
448 660 510 743 ipso
532 659 597 721 ellet
618 666 765 746 insignius.
781 664 895 725 Tribu-
985 684 986 701 ¹

206 765 261 804 nus
275 744 363 824 plebis
379 744 486 803 Latinis
506 744 671 813 civitatem,
686 746 762 823 plebi
782 767 894 828 agros,

204 826 359 905 Equitibus
373 827 478 884 curiam
488 869 499 893 ‚
511 824 625 885 Senatui
637 825 743 903 judicia
754 830 891 904 permisit.

206 907 314 967 Nimiae
334 906 508 964 liberalitatis
530 904 585 964 fuit
602 927 612 974 3
630 903 688 984 ipse
710 910 796 966 etiam
817 929 891 986 pro-

207 985 321 1058 fellus,
346 988 453 1047 nemini
480 983 509 1044 se
532 986 568 1045 ad
589 987 768 1067 largiendum
791 1007 894 1066 praeter
986 990 987 1033 ff

207 1070 312 1129 eoelum
331 1077 358 1128 &
378 1087 489 1126 cunum
506 1063 665 1148 reliquisse:
684 1068 805 1149 ideoque
825 1068 893 1130 crim
986 1090 987 1133 3

207 1147 328 1231 pecunib
349 1166 464 1232 egeret,
488 1148 576 1207 multa
599 1166 697 1207 contra
711 1148 893 1242 ‘dignitatem

209 1230 287 1290 fecit.
304 1228 467 1312 Magallum
481 1229 660 1288 Mauritaniae
678 1233 834 1310 principem
850 1231 893 1290 ob
987 1246 988 1273 ²

178 1372 195 1393 ν
209 1311 298 1394 Regis
315 1311 487 1370 simultatem
509 1309 684 1392 profugum,
709 1310 824 1390 accepti
844 1332 894 1392 pe-

209 1391 293 1453 tunii
307 1389 421 1452 Boccho
432 1390 558 1470 'prodidit
571 1425 585 1461 ,·
596 1412 681 1471 quem
695 1392 742 1449 ille
755 1391 894 1472 elephan-

210 1490 242 1532 to
260 1474 373 1545 objecit.
396 1469 585 1531 Adherbalem
607 1469 696 1531 filium
719 1472 807 1555 Regis
828 1474 894 1533 Nu-

209 1553 350 1613 midarum
372 1552 502 1612 obsidem
522 1553 603 1612 domi
620 1551 673 1612 suae
690 1551 829 1634 sumpsit,
848 1576 894 1613 re-

210 1635 403 1714 demptionem
424 1638 481 1711 ejus
493 1634 633 1693 occultam
648 1632 665 1692 ‘a
678 1653 753 1713 patre
767 1633 893 1714 sperans.

208 1715 378 1795 Caepionem
405 1716 553 1773 inimicum
578 1717 735 1774 ustionibus
761 1712 816 1775 suis
842 1738 891 1776 re·

208 1795 376 1866 sistentem,
399 1797 438 1854 ait
457 1794 486 1854 se
506 1795 540 1853 de
561 1794 628 1854 saxo
646 1796 770 1876 Tarpeio
790 1800 891 1876 praeci-
989 1842 990 1847 η

210 1881 371 1960 pitaturum.
391 1875 512 1937 Consuli
533 1876 643 1959 legibus
662 1878 792 1959 Agrariis
814 1877 894 1939 resis·
989 1874 990 1953 ᾗ

208 1961 302 2029 tenti,
324 1963 363 2019 ita
384 1959 489 2017 collum
507 1959 537 2015 in
559 1960 677 2017 comitio
694 1958 839 2029 obtorsit‚
862 1980 894 2019 ut

209 2041 315 2099 multus
337 2037 449 2121 sanguis
471 2038 591 2098 efflueret
612 2039 780 2110 enaribus,
803 2062 892 2121 quam
983 2062 987 2071 ·

209 2121 258 2180 llle
283 2164 294 2190 ,
321 2120 458 2178 luxuriam
485 2120 652 2200 exprobrans
672 2165 682 2191 ,
710 2123 833 2180 muriam
857 2122 892 2181 de

210 2201 297 2261 turdis
312 2198 365 2259 else
383 2200 502 2260 dicebat.
522 2200 634 2261 Deinde
647 2223 680 2260 ex
697 2201 789 2283 graui
802 2201 893 2263 nimii

210 2285 241 2343 iu
268 2282 404 2343 invidiam
434 2283 511 2341 venit
536 2305 543 2338 ε
569 2304 635 2342 nam
664 2283 741 2362 plebs
769 2287 892 2363 acceptis

210 2366 285 2448 agris
306 2363 446 2446 gaudebat
462 2385 471 2432 3
490 2363 595 2443 expulsi
613 2364 756 2423 dolebant.
773 2365 892 2445 Equites

210 2448 242 2505 in
263 2447 397 2508 Senatum
423 2445 487 2503 leui
508 2445 672 2504 laetabantur
693 2466 703 2516 3
723 2443 796 2517 (sed
813 2466 889 2525 prae·

211 2529 284 2588 teriti
307 2527 526 2608 querebantur).
546 2525 663 2585 Senatus
682 2528 824 2605 permissis
844 2529 891 2604 ju·

210 2608 292 2669 <liciis
325 2606 479 2668 exsultabat
507 2628 517 2676 3
544 2603 591 2666 sed
625 2605 788 2665 societatem
823 2628 891 2666 cum

211 2688 360 2769 Equitibus
380 2687 451 2772 aegre
472 2687 588 2747 ferebat.
608 2688 693 2748 Unde
715 2688 812 2747 Livius
831 2709 893 2745 an-

210 2771 295 2839 xius,
320 2789 351 2830 ut
373 2771 540 2830 Latinorum
569 2765 707 2848 postulata
732 2767 854 2830 differret
876 2813 892 2839 ,
