2010 3616
210 210 256 291 84
378 203 695 272 Euenorrr

210 323 320 406 pasioni
336 320 515 403 Imperatoris
529 319 637 392 fratre,
654 341 739 402 quem
753 341 818 382 cum
833 321 907 386 Ca-

210 405 313 486 pitolio
331 402 465 464 incendit.
484 400 649 465 interfectus
669 421 763 462 autem
783 401 849 475 est,
871 415 904 466 &

211 507 277 545 cum
298 505 405 568 magno
433 482 569 553 dedecore
593 486 696 544 ruallus
725 504 772 583 fer
795 484 905 546 urbem

211 566 339 626 Romam
377 565 493 636 ublice,
515 563 628 637 nudus,
652 567 741 624 erebia
764 564 851 625 comi
872 575 905 628 &

212 648 327 727 eapite,
348 586 475 726 lirbjeelo
493 645 530 706 ad
546 647 674 706 mentum
688 644 784 729 gladio
799 692 810 718 ,
827 645 905 711 ster-

212 748 280 786 core
297 729 327 791 in
347 728 458 788 tultum
480 736 507 788 &
524 729 619 807 pestus
638 727 675 787 ab
690 726 832 788 omnibus.
844 729 910 797 ob-¹

212 810 267 868 viis
286 810 423 893 appetitus
445 831 452 865 :
471 804 611 888 postremis
633 807 798 891 jugulatus,
817 817 847 868 &
870 811 904 870 in

143 952 152 967 ,
212 888 345 951 Tiberim
367 889 513 968 dejestus,
536 889 622 949 etiam
642 890 788 951 communi
809 893 906 951 caruit

213 969 361 1051 sepulturi.
386 971 472 1033 Periit
489 988 584 1033 autem
602 972 690 1030 aetatis
708 967 903 1050 annosepti-

214 1052 266 1114 mo
280 1061 307 1112 &
322 1051 580 1139 quinquagesimo,
603 1052 715 1132 imperii
729 1049 825 1112 mense
848 1074 905 1112 oc·

217 1153 284 1195 ravo
305 1141 332 1193 &
347 1132 392 1192 die
408 1132 474 1193 uno.
531 1195 533 1199 ,
787 1197 791 1202 ,
894 1183 908 1216 ,

257 1213 286 1274 X
292 1213 349 1273 IX.
369 1211 561 1294 Vespasianus
578 1210 645 1273 huic
664 1210 819 1284 successit,
844 1213 906 1276 fac-

217 1313 263 1354 nts
284 1293 359 1375 apud
379 1293 557 1365 Palaestinam
577 1294 754 1375 Imperator:
772 1297 906 1376 princeps
996 1314 997 1373 ζ

217 1373 336 1435 obscure
352 1375 469 1458 quidem
487 1395 592 1447 natus,
615 1373 662 1435 sed
681 1377 798 1457 optimis
820 1398 905 1436 com·

217 1454 380 1538 parandus,
401 1455 509 1537 privati
524 1453 583 1516 vitai
603 1453 737 1527 illustris3
761 1477 792 1516 ut
813 1460 866 1538 qui
887 1455 905 1518 lt

218 1536 346 1596 Claudio
369 1538 400 1597 in
425 1536 636 1609 Germaniam,
660 1536 761 1598 deinde
782 1540 813 1597 in
834 1538 904 1599 Bri·

218 1619 347 1677 tanniam
373 1613 467 1678 millus
480 1665 501 1690 ,,
512 1619 603 1678 tricies
621 1625 649 1679 δι
669 1618 712 1679 bis
724 1622 800 1695 scum
821 1616 905 1681 hoste

217 1698 398 1768 conflixerit3
422 1697 492 1759 duas
506 1699 694 1761 validissimas
715 1719 832 1782 gentes,
853 1703 904 1760 vi-

219 1781 292 1863 ginti
306 1774 433 1860 oppida,
451 1778 573 1840 insulam
587 1776 732 1855 Veliam,
752 1780 905 1841 Britanniae

239 1862 410 1933 mximam,
443 1860 562 1941 imperio
589 1860 723 1921 Romano
757 1860 903 1940 adjecerit.
968 1924 971 1931 ,

217 1882 320 2002 llomae
334 1940 362 2002 se
376 1940 406 2003 in
419 1944 539 2023 imperio
554 1940 777 2003 moderatissime
794 1945 903 2024 gessit:

218 2025 343 2102 pecuniae
364 2021 473 2083 tannim
494 2023 604 2083 avidior
625 2019 701 2094 fuit,
727 2023 767 2083 ita
787 2041 819 2082 ut
837 2024 905 2083 e‘am

220 2104 292 2169 nulli
320 2101 418 2179 injuste
448 2102 567 2165 auferret
591 2127 598 2160 :
621 2125 709 2183 quam
732 2100 797 2164 crim
821 2105 906 2171 omni

222 2183 272 2242 dili
294 2185 374 2242 entia
407 2184 565 2263 provisione
593 2185 739 2268 colligeret
762 2230 772 2255 ,
806 2203 906 2246 tamen

220 2204 420 2330 sturiosissime
443 2265 636 2348 largiebatur,
663 2265 799 2344 praecipue
823 2267 904 2326 indi-

222 2345 378 2433 gentibus3
399 2354 451 2407 ne'c
470 2342 553 2406 facile
572 2356 636 2407 ante
653 2367 718 2415 eum
733 2344 905 2427 'cujusquam

220 2428 352 2507 principis
379 2428 424 2487 vel
448 2432 544 2508 major
572 2424 612 2486 est
635 2426 788 2489 liberalitas
817 2450 904 2488 com·

221 2510 299 2591 'perta
313 2554 328 2578 ,
344 2507 389 2568 vel
406 2505 504 2587 justior
518 2532 525 2568 r
540 2506 734 2591 placidissime*
751 2507 905 2583 lenitatis,

223 2592 329 2673 utqui
353 2588 511 2669 majestatis
549 2610 642 2672 uoque
669 2606 768 2649 contra
791 2587 821 2647 se
843 2611 906 2649 reos

221 2690 280 2727 non
295 2669 378 2731 facile
391 2673 501 2752 puniret
546 2691 587 2731 tra
603 2672 694 2751 exsilii
706 2691 832 2750 poenam.
846 2671 906 2732 Sub

200 2747 396 2841 'hbquudaea
417 2752 553 2813 Romano
576 2753 691 2814 accessit
711 2752 858 2833 imperi03
880 2760 906 2812 δι
