1972 3624
224 258 291 321 320
339 233 461 306 Aur.
494 237 773 307 Vrcronrs

219 350 336 421 fronte,
362 362 389 413 ἃ
410 354 449 413 ad
469 354 570 414 laevum
594 353 742 416 humerum
765 354 889 416 conversi

220 436 349 505 cervice,
374 434 452 514 quod
470 437 501 493 in
522 456 572 494 ote
597 436 750 497 Alexandri
775 457 887 497 notave·

220 532 263 572 rat
276 559 286 585 ,
304 515 435 575 incedens
448 560 458 587 ,
481 513 567 576 fidem
580 517 673 576 vulttis
686 518 823 577 simillimi
834 538 891 598 per-

222 590 348 655 suaderet
375 597 439 656 sibi.
472 597 537 656 Fuit
567 600 716 676 impatiens
744 599 891 669 libidinis,

243 677 325 754 uippe
343 680 393 756 qui
411 698 564 737 novercam
581 675 660 737 suam
678 680 758 738 duxit
774 700 890 738 uxorem.
964 692 965 695 ’

222 696 301 815 ilum
322 755 426 817 Carras
449 761 501 817 iter
523 757 651 830 faceret,
675 759 751 840 apud
769 757 892 819 Edeffam

223 833 353 896 secedens
377 837 414 897 ad
435 838 528 897 officia
555 839 716 911 naturalia,
744 837 761 897 *a
785 841 893 910 milite,

224 918 273 995 qui
288 920 368 997 quasi
381 918 417 978 ad
434 917 588 978 custodiam
609 918 636 979 se
658 921 795 992 uebatur,
816 923 896 980 inrer‘

224 996 312 1057 festus
328 997 374 1058 est.
394 999 478 1058 Vixit
497 1021 586 1059 annos
603 942 660 1058 feri
680 1003 805 1084 triginta.
825 1001 896 1062 Cor·
965 1018 966 1055 i

224 1098 274 1159 pus
293 1082 352 1156 ejus
370 1078 496 1140 Romam
514 1081 631 1139 telarum
652 1080 699 1141 est.

265 1157 375 1218 XXII.
397 1161 541 1220 Macrinus
561 1183 626 1220 cum
641 1161 824 1222 Diadumeno
841 1159 897 1220 filio
965 1162 966 1169 ’

225 1238 262 1298 ab
284 1243 404 1300 exercitu
418 1240 603 1320 Imperatores
619 1245 725 1312 creati,
749 1244 898 1323 imperave—
965 1252 966 1263 ²

227 1339 290 1379 runt
308 1319 417 1381 menses
436 1322 673 1402 quatuordecim3
694 1331 721 1383 &
746 1325 783 1383 ab
805 1323 897 1381 eodem
965 1324 966 1327 ’

228 1404 349 1460 exercitu
368 1403 585 1474 obtruncantur,
602 1425 654 1482 pro
673 1424 728 1473 eo,
748 1403 827 1484 quod
838 1405 900 1462 Ma-

229 1484 321 1539 crinus
356 1483 506 1543 militatem
541 1484 679 1543 luxuriam
713 1482 900 1565 stipendiaque

227 1556 387 1640 profusiora
411 1567 615 1642 comprimeret.

270 1640 509 1704 XXHLAurelius
518 1646 680 1705 Antoninus
691 1647 798 1706 Varius
808 1692 818 1717 ,
830 1645 898 1704 idem

228 1718 317 1780 Helio
338 1723 434 1782 abalus
451 1723 541 1785 diuus
552 1770 561 1796 ,
573 1724 728 1786 Caracallae
747 1748 780 1785 ex
796 1723 900 1787 Somei

231 1743 400 1863 consoinna
418 1806 528 1865 occulte
547 1803 668 1887 stuprati
684 1805 758 1866 filius
773 1854 785 1878 ,
814 1810 899 1886 impe-

230 1886 303 1942 ravit
333 1884 448 1944 biennio
477 1895 504 1945 δι
535 1887 677 1947 mensibus
707 1890 784 1947 odio.
817 1889 901 1966 Hujus

231 1964 330 2023 marris
354 1966 470 2025 Soemeae
499 1988 567 2027 avus
593 1968 741 2027 Bassianus
765 1973 900 2035 nomine,
966 1966 967 1971 '

231 2042 325 2104 fuerat
347 2045 421 2106 Solis
448 2044 601 2117 sacerdos,
630 2069 715 2128 quem
740 2045 901 2115 Phoenices‚

232 2123 306 2183 unde
324 2144 403 2196 erat,
425 2125 512 2185 Helio
534 2128 647 2187 abalum
665 2130 872 2199 nominabant,
888 2125 902 2185 i

235 2225 291 2273 ¹uo
315 2201 364 2263 iste
386 2148 593 2300 Heliogabalus
614 2208 704 2268 dietus
729 2207 778 2269 est.
800 2210 827 2270 ls
846 2207 902 2266 etim

232 2225 358 2344 domam
377 2286 486 2368 ingenti
502 2290 624 2348 militum
639 2298 665 2348 δι
683 2287 801 2349 Senattis
816 2287 903 2368 exspe-

221 2367 358 2443 ‚oiatione
375 2363 510 2438 venisset,
531 2370 637 2448 probris
652 2366 681 2427 se
698 2371 832 2429 omnibus
847 2391 905 2427 con-

235 2447 394 2508 taminavit.
411 2447 605 2528 Cupiditatem
618 2446 727 2529 stupri,
752 2472 838 2531 quam
855 2449 903 2509 ad·

234 2524 314 2609 sequi
334 2546 437 2587 naturae
462 2528 572 2590 defestu
597 2551 655 2588 non
675 2549 810 2608 poterat,
833 2534 861 2590 in
881 2527 907 2588 se

236 2628 426 2679 convertens,
453 2611 586 2677 muliebri
612 2611 727 2670 nomine
750 2611 907 2671 Bassianum

179 2688 183 2697 '
237 2685 266 2746 se
288 2710 339 2768 pro
356 2689 491 2750 Bassiano
514 2688 624 2769 jufferar
647 2691 789 2770 appellari.
813 2688 908 2751 Vestr-

236 2768 293 2828 lem
317 2770 455 2851 virginem
480 2774 561 2854 quasi
583 2773 768 2834 matrimonio
795 2778 909 2857 jungens
