2010 3616
207 249 344 320 omaro
363 248 527 318 Grnrrs
542 252 653 321 Rosa.
709 275 774 343 143

88 367 183 428 etiam
193 369 322 429 mulieres
333 368 522 429 admitterent.
533 371 603 447 Quo
612 367 690 432 fallio
701 375 780 433 aiunt

87 450 168 509 intra
186 449 244 510 dies
260 453 377 533 triginta
394 471 511 510 omnem
531 449 672 513 familiam
692 452 777 514 Poti-

87 531 228 601 tiorum,
249 552 311 610 quae
335 533 410 611 prior
435 533 465 591 in
493 530 577 592 sacris
601 530 779 606 habebatur,

89 608 260 671 exstinetam
276 631 379 693 :atque
397 614 436 671 ita
456 609 540 687 sacra!
549 634 632 693 penes
650 615 779 676 Pinarios

90 688 238 762 resedille,
247 690 350 772 eosque
360 711 419 751 tam
430 694 566 775 religione
575 692 678 775 ,quam
693 699 780 756 etiam

90 774 197 851 pietate
214 772 349 844 edoctos,
363 771 496 853 mysteria
511 772 650 853 ejusmodi
663 774 780 838 fideliter

92 850 251 914 custodille.

134 934 194 995 IX.
216 933 283 994 Post
303 935 432 994 Faunum
454 935 557 994 Latino
582 940 641 1015 ejus
666 934 726 997 filio
749 942 780 999 in

91 1012 178 1076 Italia
196 1034 352 1098 regnante,
365 1014 494 1086 AEneas,
513 1015 568 1075 llio
581 1014 700 1078 Achivis
714 1040 781 1099 pro-

93 1094 156 1156 dito
181 1096 219 1156 ab
246 1098 415 1166 Antenore,
440 1095 556 1177 aliisque
583 1099 774 1177 principibus,

95 1175 164 1236 etim
179 1198 235 1258 prae
249 1176 277 1237 se
293 1177 371 1236 Deos
389 1176 527 1248 Penates,
542 1185 705 1259 patremque
718 1179 782 1238 An-

95 1256 196 1318 chisen
216 1255 341 1319 humeris
359 1255 492 1340 gestans,
513 1279 564 1317 nec
586 1279 645 1317 non
668 1268 695 1319 &
718 1279 782 1338 pat·

95 1339 199 1399 vulum
219 1337 311 1399 filium
332 1359 418 1398 manu
437 1336 570 1408 trahens,
589 1341 676 1398 nollu
695 1358 781 1400 exce-

97 1419 198 1491 deret,
214 1419 277 1480 orte
294 1420 357 1480 luce
378 1423 508 1502 cognitus
521 1421 565 1479 ab'
578 1416 726 1491 hostibus,
747 1442 784 1481 eo

99 1499 181 1583 quod
205 1499 283 1563 tanti
304 1497 417 1560 onustus
438 1503 547 1581 pietatis
570 1497 677 1560 sarcinis
700 1521 759 1562 erat
769 1549 782 1576 ,

100 1604 163 1642 non
176 1581 266 1645 modo
279 1580 384 1641 anullo
398 1583 586 1662 interpellatus
603 1627 612 1652 ‚
630 1580 678 1640 sed
696 1586 783 1643 etiam

103 1660 164 1722 are
186 1684 201 1722 e
215 1665 243 1725 A
265 1683 455 1733 memnone,
471 1661 530 1744 qno
546 1663 647 1733 vellet,
662 1666 701 1722 ire
719 1683 784 1742 per-

105 1685 219 1815 milffrs,
236 1685 318 1805 filant
337 1747 430 1823 petit:
448 1744 542 1824 ibique
562 1745 681 1803 navibus
696 1741 785 1803 fabri-

106 1827 197 1895 catis,
222 1846 299 1884 cum·
312 1825 406 1886 multis
430 1823 531 1883 diversi
553 1821 657 1895 sexlts,
678 1825 786 1884 oraculi

107 1906 256 1989 admonitu
273 1905 384 1966 Italiam
401 1907 494 1986 petit:
513 1923 543 1962 ut
562 1903 645 1963 docet
661 1904 786 1964 Alexan·

109 1986 158 2046 der
167 1984 323 2066 Ephesius,
342 1987 392 2047 lib.
408 2007 428 2047 1.
447 1986 515 2044 belli
527 1984 653 2047 Marsici.
666 1983 706 2043 At
718 1982 787 2045 vero

109 2069 234 2128 Lutatius
250 2090 308 2127 non
325 2063 415 2128 modo
431 2065 602 2125 Antenorem
612 2111 624 2134 ,
638 2062 685 2124 sed
701 2068 789 2126 etiam

109 2152 120 2210 i
141 2147 331 2210 sumAEneam
344 2146 519 2229 proditorem
532 2149 626 2227 pattiae
639 2143 718 2206 fuiffe
732 2167 788 2207 tra-

112 2171 154 2290 Alt
174 2253 180 2287 :
203 2233 247 2290 cui
270 2227 334 2289 etim
358 2227 376 2288 ὲ
396 2249 462 2311 rege
482 2230 699 2310 Agamemnone
719 2248 787 2308 per*

114 2308 221 2373 millum
250 2309 314 2371 effer
340 2311 379 2368 ire
402 2308 461 2391 quo
482 2311 593 2381 vellet,
618 2306 790 2372 &humeris

115 2391 186 2463 suis,
219 2392 277 2452 uod
289 2393 466 2472 potissimum
476 2410 602 2470 putaret,
616 2387 671 2447 hoe
685 2387 789 2458 ferret3

115 2471 185 2534 nihil
195 2414 274 2534 illum
286 2491 380 2552 ptaeter
390 2473 468 2531 Deos
479 2471 613 2540 Penates,
623 2478 651 2529 &
664 2489 789 2548 patrem,

115 2553 238 2635 duosque
249 2554 376 2634 parvulos
387 2551 478 2623 filios,
491 2571 522 2611 ut
532 2551 649 2632 quidam
660 2548 790 2620 tradunt,

115 2637 147 2697 ut
163 2634 228 2695 vero
249 2636 317 2706 alii,
337 2655 424 2698 unum
436 2635 509 2705 ,eui
530 2631 595 2691 Julo
608 2650 788 2712 cognomen,
825 2642 832 2652 '

115 2714 175 2799 post
188 2720 273 2777 etiam
289 2713 412 2775 Ascanio
429 2713 530 2784 fuerit,
549 2709 642 2772 secum
659 2707 790 2780 erudiise!

115 2797 182 2881 Qui
193 2802 295 2881 pietate
308 2815 402 2859 motos
413 2793 587 2877 Achivorum
602 2794 739 2877 principes
752 2812 794 2853 re·
