2010 3616
175 262 231 314 os
250 245 372 318 Vrnrs
389 263 681 319 rtrusrnraus.
711 254 779 341 187

102 384 142 427 ue
167 365 225 426 dici
236 413 247 437 ,
260 388 328 449 ¹quae
350 387 450 428 eontra
471 388 557 449 caput
575 373 635 448 ejus
653 366 780 430 medicus

79 390 290 530 spopondisset.
319 449 398 510 Tum
418 450 480 510 Rex
502 450 656 511 admiratus
686 471 777 521 eum,

84 527 188 593 dixisse
206 530 294 591 fertur
312 554 318 588 ε
338 532 389 591 Ille
408 529 447 591 est
463 530 625 603 fabricius,
640 533 689 612 qui
709 531 781 592 diffi-

84 611 172 675 cilitis
190 613 226 672 ab
247 610 413 683 honestate,
435 635 522 695 quam
541 613 584 675 sol
603 610 683 672 isuo
698 612 779 674 cursu
827 626 829 631 ’

84 695 178 755 averti
195 690 293 774 pollet

126 775 294 836 XXXVI.
313 776 461 846 Volsinii,
481 775 598 835 Etruriae
611 776 707 835 nobile
726 798 779 857 op·

85 857 189 937 pidum
218 902 231 926 ,
263 856 373 917 luxurii
404 857 476 938 pene
512 858 659 937 perierunn
698 857 779 918 Nam

85 939 153 999 crim
179 939 286 998 temere
310 936 404 999 servos
426 939 688 1008 manumitterent,
713 939 779 999 dein

86 1022 117 1079 in
136 1022 249 1080 curiam
269 1020 421 1103 legerent,
446 1016 584 1079 consensu
605 1041 704 1078 eorum
726 1042 780 1100 op-

87 1104 186 1181 pressi.
223 1099 301 1161 Cim
329 1102 420 1161 multa
445 1100 564 1181 indigna
590 1118 747 1180 paterentur
765 1146 778 1170 ,

88 1182 166 1243 clam
189 1180 285 1241 Roma
305 1183 441 1242 auxilium
463 1184 609 1261 petierunt.
624 1177 779 1261 Missusque

88 1263 199 1323 Decius
219 1263 288 1333 Mus
310 1285 378 1323 mox
397 1263 542 1322 libertinos
562 1282 660 1320 omnes
682 1264 779 1322 autin

89 1366 203 1403 carcere
223 1347 355 1414 necavit,
370 1362 419 1405 aut
436 1343 561 1403 dominis
575 1346 606 1401 in
618 1339 785 1404 seruitutem

89 1424 220 1485 restituit.

132 1506 319 1568 XXXVII.
335 1506 444 1588 Appius
458 1504 596 1567 Claudius
609 1506 690 1566 vistis
703 1506 780 1566 Vol-

91 1588 284 1658 siniensibus,
305 1608 501 1672 cognomento
522 1585 642 1648 Caudex
664 1586 776 1658 didius,

89 1668 180 1737 vfrater
201 1669 280 1730 Caeci
304 1669 368 1730 fuit.
398 1667 510 1730 Consul
531 1664 568 1727 ad
589 1669 780 1727 Mamertinos

90 1750 259 1819 ‚liberandos
279 1748 373 1811 missus
387 1749 445 1822 est,
465 1771 585 1831 quorum
600 1770 694 1808 arcem
709 1748 781 1809 Cat-

93 1829 305 1915 thaginienses‚
321 1843 348 1894 &
361 1832 451 1892 Hiero
468 1853 515 1889 rex
529 1827 717 1910 Syracusanus
730 1831 782 1889 ob·

91 1914 235 1985 sidebant.
248 1915 348 1974 Primi)
362 1911 598 1992 adexplorandos
617 1907 709 1970 hostes
724 1908 781 1968 fre-

94 2013 157 2056 tum
177 1993 329 2074 piscatorii
348 1997 415 2054 navi
432 1995 560 2073 trajecit,
578 2001 606 2052 &
625 2012 691 2050 curn
711 1990 780 2051 duce

93 2074 381 2158 Carthaginiensium
399 2078 480 2159 egit,
499 2094 530 2133 ut
542 2072 700 2151 presidium
719 2094 781 2133 arce

95 2156 255 2218 deduceret.
274 2155 419 2240 Rhegium
439 2152 590 2237 regressus,
611 2157 781 2235 quinquere-

96 2260 174 2299 mem
199 2236 322 2297 hostium
340 2240 429 2318 copiis
446 2235 616 2318 pedestribus
636 2258 651 2293 c
687 2239 709 2294 it
723 2259 734 2306 3
748 2233 782 2295 eh
802 2234 806 2244 ’

95 2319 243 2403 legionem
267 2321 297 2379 in
323 2320 450 2379 Siciliam
474 2317 636 2378 transduxit.
689 2313 782 2375 artha·

119 2404 124 2414 '
147 2398 239 2462 ienses
257 2397 386 2460 Messana
405 2401 517 2480 expulit.
536 2399 694 2457 Hieronem
715 2417 782 2476 prat-

98 2421 231 2565 lhuapud
246 2480 394 2562 Syracusas
411 2485 441 2541 in
457 2480 630 2542 deditionem
648 2479 755 2556 accepit
767 2522 780 2546 ,

98 2567 147 2645 qui
160 2585 197 2623 eo
212 2564 335 2643 periculo
348 2564 478 2633 territus,
497 2561 694 2620 Romanorum
709 2560 783 2616 arni-

97 2647 197 2785 puitliam
224 2647 304 2725 petiit
329 2689 340 2717 ,
370 2643 459 2726 iisque
485 2639 581 2724 poste‘a
605 2638 782 2700 fidelissimus

141 2745 160 2785 t·
825 2760 831 2765 ,

135 2805 308 2869 XXXVIII.
330 2806 419 2870 Caius
431 2806 544 2867 Duilius
565 2808 659 2887 ptimo
672 2803 780 2866 Punico
