<?xml version="1.0" encoding="UTF-8"?>
<!DOCTYPE html PUBLIC "-//W3C//DTD XHTML 1.0 Transitional//EN"
    "http://www.w3.org/TR/xhtml1/DTD/xhtml1-transitional.dtd">
<html xmlns="http://www.w3.org/1999/xhtml" xml:lang="en" lang="en">
 <head>
  <title>
</title>
<meta http-equiv="Content-Type" content="text/html;charset=utf-8" />
  <meta name='ocr-system' content='tesseract 3.04.00' />
  <meta name='ocr-capabilities' content='ocr_page ocr_carea ocr_par ocr_line ocrx_word'/>
</head>
<body>
  <div class='ocr_page' id='page_1' title='image "./eutropiisextaur01victgoog_0187.png"; bbox 0 0 2010 3616; ppageno 0'>
   <div class='ocr_carea' id='block_1_1' title="bbox 231 231 770 322">
    <p class='ocr_par' dir='ltr' id='par_1_1' title="bbox 231 231 770 322">
     <span class='ocr_line' id='line_1_1' title="bbox 231 231 770 322; baseline 0.002 -19"><span class='ocrx_word' id='word_1_1' title='bbox 231 260 299 322; x_wconf 85' lang='lat'>174</span> <span class='ocrx_word' id='word_1_2' title='bbox 364 231 770 304; x_wconf 73' lang='lat' dir='ltr'>AunVrcron</span> 
     </span>
    </p>
   </div>
   <div class='ocr_carea' id='block_1_2' title="bbox 164 351 925 2877">
    <p class='ocr_par' dir='ltr' id='par_1_2' title="bbox 164 351 909 1391">
     <span class='ocr_line' id='line_1_2' title="bbox 228 351 902 438; baseline -0.001 -24"><span class='ocrx_word' id='word_1_3' title='bbox 228 352 423 415; x_wconf 85' lang='lat' dir='ltr'>Tusculanum</span> <span class='ocrx_word' id='word_1_4' title='bbox 442 374 577 437; x_wconf 84' lang='lat' dir='ltr'>generum</span> <span class='ocrx_word' id='word_1_5' title='bbox 595 351 676 413; x_wconf 91' lang='lat' dir='ltr'>suum</span> <span class='ocrx_word' id='word_1_6' title='bbox 693 355 845 438; x_wconf 86' lang='lat' dir='ltr'>confugit,</span> <span class='ocrx_word' id='word_1_7' title='bbox 859 357 902 435; x_wconf 87' lang='lat' dir='ltr'>qui</span> 
     </span>
     <span class='ocr_line' id='line_1_3' title="bbox 230 434 902 518; baseline -0.009 -19"><span class='ocrx_word' id='word_1_8' title='bbox 230 434 294 499; x_wconf 80' lang='lat' dir='ltr'>edm</span> <span class='ocrx_word' id='word_1_9' title='bbox 323 435 405 496; x_wconf 89' lang='lat' dir='ltr'>Latio</span> <span class='ocrx_word' id='word_1_10' title='bbox 437 437 580 494; x_wconf 89' lang='lat' dir='ltr'>concitato</span> <span class='ocrx_word' id='word_1_11' title='bbox 612 435 761 511; x_wconf 84' lang='lat' dir='ltr'>Romanos</span> <span class='ocrx_word' id='word_1_12' title='bbox 792 438 902 518; x_wconf 80' lang='lat' dir='ltr'>graviter</span> 
     </span>
     <span class='ocr_line' id='line_1_4' title="bbox 230 515 902 601; baseline -0.006 -22"><span class='ocrx_word' id='word_1_13' title='bbox 230 537 363 601; x_wconf 84' lang='lat' dir='ltr'>urgeret,</span> <span class='ocrx_word' id='word_1_14' title='bbox 388 516 426 577; x_wconf 81' lang='lat' dir='ltr'>A.</span> <span class='ocrx_word' id='word_1_15' title='bbox 455 515 614 577; x_wconf 87' lang='lat' dir='ltr'>Postumius</span> <span class='ocrx_word' id='word_1_16' title='bbox 639 517 771 579; x_wconf 75' lang='lat' dir='ltr'>Dictator</span> <span class='ocrx_word' id='word_1_17' title='bbox 798 519 902 586; x_wconf 66' lang='lat' dir='ltr'>didus,</span> 
     </span>
     <span class='ocr_line' id='line_1_5' title="bbox 230 596 900 682; baseline -0.004 -23"><span class='ocrx_word' id='word_1_18' title='bbox 230 599 305 678; x_wconf 84' lang='lat' dir='ltr'>apud</span> <span class='ocrx_word' id='word_1_19' title='bbox 318 599 424 682; x_wconf 81' lang='lat' dir='ltr'><strong>Regilli</strong></span> <span class='ocrx_word' id='word_1_20' title='bbox 441 598 534 658; x_wconf 87' lang='lat' dir='ltr'>lacum</span> <span class='ocrx_word' id='word_1_21' title='bbox 553 619 617 657; x_wconf 90' lang='lat' dir='ltr'>cum</span> <span class='ocrx_word' id='word_1_22' title='bbox 635 596 761 681; x_wconf 71' lang='lat' dir='ltr'>hostibus</span> <span class='ocrx_word' id='word_1_23' title='bbox 776 600 900 659; x_wconf 81' lang='lat' dir='ltr'>conflixit.</span> 
     </span>
     <span class='ocr_line' id='line_1_6' title="bbox 231 677 904 763; baseline -0.007 -22"><span class='ocrx_word' id='word_1_24' title='bbox 231 679 294 741; x_wconf 87' lang='lat' dir='ltr'>Ubi</span> <span class='ocrx_word' id='word_1_25' title='bbox 312 677 376 739; x_wconf 81' lang='lat' dir='ltr'>edm</span> <span class='ocrx_word' id='word_1_26' title='bbox 393 681 513 759; x_wconf 72' lang='lat' dir='ltr'>yidtoria</span> <span class='ocrx_word' id='word_1_27' title='bbox 529 700 659 751; x_wconf 80' lang='lat' dir='ltr'>nutaret,</span> <span class='ocrx_word' id='word_1_28' title='bbox 679 678 817 763; x_wconf 88' lang='lat' dir='ltr'>Magister</span> <span class='ocrx_word' id='word_1_29' title='bbox 833 680 904 760; x_wconf 87' lang='lat' dir='ltr'>equi-</span> 
     </span>
     <span class='ocr_line' id='line_1_7' title="bbox 232 759 903 842; baseline -0.004 -22"><span class='ocrx_word' id='word_1_30' title='bbox 232 781 293 820; x_wconf 92' lang='lat' dir='ltr'>tum</span> <span class='ocrx_word' id='word_1_31' title='bbox 317 760 395 842; x_wconf 91' lang='lat' dir='ltr'>equis</span> <span class='ocrx_word' id='word_1_32' title='bbox 419 760 513 822; x_wconf 87' lang='lat' dir='ltr'>frenos</span> <span class='ocrx_word' id='word_1_33' title='bbox 532 759 641 821; x_wconf 80' lang='lat' dir='ltr'>detrahi</span> <span class='ocrx_word' id='word_1_34' title='bbox 660 765 762 839; x_wconf 84' lang='lat' dir='ltr'>jussit,</span> <span class='ocrx_word' id='word_1_35' title='bbox 791 781 821 821; x_wconf 91' lang='lat' dir='ltr'>ut</span> <span class='ocrx_word' id='word_1_36' title='bbox 840 763 903 819; x_wconf 85' lang='lat' dir='ltr'>irre·</span> 
     </span>
     <span class='ocr_line' id='line_1_8' title="bbox 231 842 905 921; baseline -0.004 -20"><span class='ocrx_word' id='word_1_37' title='bbox 231 842 357 902; x_wconf 85' lang='lat' dir='ltr'>vocabili</span> <span class='ocrx_word' id='word_1_38' title='bbox 382 844 490 921; x_wconf 89' lang='lat' dir='ltr'>impetu</span> <span class='ocrx_word' id='word_1_39' title='bbox 513 842 669 913; x_wconf 86' lang='lat' dir='ltr'>ferrentur,</span> <span class='ocrx_word' id='word_1_40' title='bbox 695 842 744 902; x_wconf 93' lang='lat' dir='ltr'>ubi</span> <span class='ocrx_word' id='word_1_41' title='bbox 771 851 798 902; x_wconf 75' lang='grc' dir='ltr'>δι</span> <span class='ocrx_word' id='word_1_42' title='bbox 823 843 905 900; x_wconf 84' lang='lat' dir='ltr'>aciem</span> 
     </span>
     <span class='ocr_line' id='line_1_9' title="bbox 164 920 907 1003; baseline -0.003 -20"><span class='ocrx_word' id='word_1_43' title='bbox 164 978 167 983; x_wconf 77' lang='grc'><strong><em>,</em></strong></span> <span class='ocrx_word' id='word_1_44' title='bbox 232 923 401 994; x_wconf 80' lang='lat' dir='ltr'>Latinorum</span> <span class='ocrx_word' id='word_1_45' title='bbox 420 923 592 985; x_wconf 84' lang='lat' dir='ltr'>fuderunt&amp;</span> <span class='ocrx_word' id='word_1_46' title='bbox 606 922 691 983; x_wconf 88' lang='lat' dir='ltr'>castra</span> <span class='ocrx_word' id='word_1_47' title='bbox 707 941 843 1003; x_wconf 88' lang='lat' dir='ltr'>ceperunt.</span> <span class='ocrx_word' id='word_1_48' title='bbox 857 920 907 982; x_wconf 86' lang='lat' dir='ltr'>Sed</span> 
     </span>
     <span class='ocr_line' id='line_1_10' title="bbox 234 1004 905 1085; baseline -0.006 -21"><span class='ocrx_word' id='word_1_49' title='bbox 234 1006 369 1065; x_wconf 86' lang='lat' dir='ltr'>intereos</span> <span class='ocrx_word' id='word_1_50' title='bbox 385 1004 442 1065; x_wconf 91' lang='lat' dir='ltr'>duo</span> <span class='ocrx_word' id='word_1_51' title='bbox 462 1010 576 1085; x_wconf 85' lang='lat' dir='ltr'>juvenes</span> <span class='ocrx_word' id='word_1_52' title='bbox 594 1004 720 1065; x_wconf 90' lang='lat' dir='ltr'>candidis</span> <span class='ocrx_word' id='word_1_53' title='bbox 743 1007 821 1085; x_wconf 89' lang='lat' dir='ltr'>equis</span> <span class='ocrx_word' id='word_1_54' title='bbox 840 1005 905 1062; x_wconf 87' lang='lat' dir='ltr'>insi·</span> 
     </span>
     <span class='ocr_line' id='line_1_11' title="bbox 235 1086 907 1170; baseline -0.006 -24"><span class='ocrx_word' id='word_1_55' title='bbox 235 1089 285 1170; x_wconf 89' lang='lat' dir='ltr'>gni</span> <span class='ocrx_word' id='word_1_56' title='bbox 318 1089 419 1165; x_wconf 82' lang='lat' dir='ltr'>virtute</span> <span class='ocrx_word' id='word_1_57' title='bbox 449 1105 657 1166; x_wconf 87' lang='lat' dir='ltr'>apparuerunt,</span> <span class='ocrx_word' id='word_1_58' title='bbox 684 1108 768 1167; x_wconf 82' lang='lat' dir='ltr'>quos.</span> <span class='ocrx_word' id='word_1_59' title='bbox 786 1086 907 1146; x_wconf 66' lang='lat' dir='ltr'>Distator</span> 
     </span>
     <span class='ocr_line' id='line_1_12' title="bbox 236 1163 907 1251; baseline -0.006 -23"><span class='ocrx_word' id='word_1_60' title='bbox 236 1170 384 1248; x_wconf 84' lang='lat' dir='ltr'>quaesitos‚</span> <span class='ocrx_word' id='word_1_61' title='bbox 409 1188 440 1228; x_wconf 92' lang='lat' dir='ltr'>ut</span> <span class='ocrx_word' id='word_1_62' title='bbox 460 1169 554 1251; x_wconf 82' lang='lat' dir='ltr'>dignis</span> <span class='ocrx_word' id='word_1_63' title='bbox 567 1169 729 1227; x_wconf 89' lang='lat' dir='ltr'>muneribus</span> <span class='ocrx_word' id='word_1_64' title='bbox 746 1163 907 1237; x_wconf 89' lang='lat' dir='ltr'>honoraret,</span> 
     </span>
     <span class='ocr_line' id='line_1_13' title="bbox 235 1246 909 1330; baseline -0.003 -21"><span class='ocrx_word' id='word_1_65' title='bbox 235 1271 294 1309; x_wconf 90' lang='lat' dir='ltr'>non</span> <span class='ocrx_word' id='word_1_66' title='bbox 311 1252 410 1330; x_wconf 87' lang='lat' dir='ltr'>reperit</span> <span class='ocrx_word' id='word_1_67' title='bbox 425 1273 435 1320; x_wconf 82' lang='lat'>3</span> <span class='ocrx_word' id='word_1_68' title='bbox 456 1246 605 1311; x_wconf 81' lang='lat' dir='ltr'>Castorem</span> <span class='ocrx_word' id='word_1_69' title='bbox 623 1248 807 1317; x_wconf 89' lang='lat' dir='ltr'>&amp;Pollucem</span> <span class='ocrx_word' id='word_1_70' title='bbox 820 1268 909 1318; x_wconf 85' lang='lat' dir='ltr'>ratus,</span> 
     </span>
     <span class='ocr_line' id='line_1_14' title="bbox 235 1330 652 1391; baseline 0 -1"><span class='ocrx_word' id='word_1_71' title='bbox 235 1333 383 1391; x_wconf 89' lang='lat' dir='ltr'>communi</span> <span class='ocrx_word' id='word_1_72' title='bbox 401 1331 484 1390; x_wconf 87' lang='lat' dir='ltr'>titulo</span> <span class='ocrx_word' id='word_1_73' title='bbox 502 1330 652 1390; x_wconf 84' lang='lat' dir='ltr'>dedicavit.</span> 
     </span>
    </p>

    <p class='ocr_par' dir='ltr' id='par_1_3' title="bbox 232 1406 925 2877">
     <span class='ocr_line' id='line_1_15' title="bbox 238 1406 907 1488; baseline -0.004 -17"><span class='ocrx_word' id='word_1_74' title='bbox 238 1476 242 1483; x_wconf 29' lang='lat'><strong>⁴</strong></span> <span class='ocrx_word' id='word_1_75' title='bbox 275 1413 384 1472; x_wconf 86' lang='lat' dir='ltr'><strong>XVII.</strong></span> <span class='ocrx_word' id='word_1_76' title='bbox 401 1412 504 1472; x_wconf 85' lang='lat' dir='ltr'>Lucius</span> <span class='ocrx_word' id='word_1_77' title='bbox 520 1413 671 1488; x_wconf 72' lang='lat' dir='ltr'>Quinctius</span> <span class='ocrx_word' id='word_1_78' title='bbox 681 1409 867 1472; x_wconf 88' lang='lat' dir='ltr'>Cincinnatus</span> <span class='ocrx_word' id='word_1_79' title='bbox 880 1406 907 1468; x_wconf 89' lang='lat' dir='ltr'>fi·</span> 
     </span>
     <span class='ocr_line' id='line_1_16' title="bbox 232 1491 908 1572; baseline -0.004 -20"><span class='ocrx_word' id='word_1_80' title='bbox 232 1493 306 1563; x_wconf 69' lang='lat' dir='ltr'>‚lium</span> <span class='ocrx_word' id='word_1_81' title='bbox 322 1491 474 1555; x_wconf 79' lang='lat' dir='ltr'>Caesonem</span> <span class='ocrx_word' id='word_1_82' title='bbox 488 1495 743 1572; x_wconf 86' lang='lat' dir='ltr'>petulantissimum</span> <span class='ocrx_word' id='word_1_83' title='bbox 757 1493 908 1561; x_wconf 84' lang='lat' dir='ltr'>abdicavit,</span> 
     </span>
     <span class='ocr_line' id='line_1_17' title="bbox 237 1571 908 1655; baseline -0.003 -22"><span class='ocrx_word' id='word_1_84' title='bbox 237 1577 288 1655; x_wconf 91' lang='lat' dir='ltr'>qui</span> <span class='ocrx_word' id='word_1_85' title='bbox 307 1584 334 1634; x_wconf 78' lang='grc' dir='ltr'>δι</span> <span class='ocrx_word' id='word_1_86' title='bbox 354 1572 371 1632; x_wconf 73' lang='grc' dir='ltr'>ὲ</span> <span class='ocrx_word' id='word_1_87' title='bbox 389 1572 563 1651; x_wconf 88' lang='lat' dir='ltr'>Censoribus</span> <span class='ocrx_word' id='word_1_88' title='bbox 582 1595 717 1646; x_wconf 88' lang='lat' dir='ltr'>notatus,</span> <span class='ocrx_word' id='word_1_89' title='bbox 740 1574 777 1647; x_wconf 84' lang='lat' dir='ltr'>ad</span> <span class='ocrx_word' id='word_1_90' title='bbox 795 1571 908 1634; x_wconf 83' lang='lat' dir='ltr'>Volscos</span> 
     </span>
     <span class='ocr_line' id='line_1_18' title="bbox 238 1654 909 1756; baseline -0.006 -42"><span class='ocrx_word' id='word_1_91' title='bbox 238 1664 265 1714; x_wconf 91' lang='lat'>&amp;</span> <span class='ocrx_word' id='word_1_92' title='bbox 299 1655 604 1739; x_wconf 83' lang='lat' dir='ltr'>Sabinosconfugit,</span> <span class='ocrx_word' id='word_1_93' title='bbox 632 1658 683 1756; x_wconf 60' lang='lat' dir='ltr'>qui</span> <span class='ocrx_word' id='word_1_94' title='bbox 714 1656 785 1714; x_wconf 91' lang='lat' dir='ltr'>duce</span> <span class='ocrx_word' id='word_1_95' title='bbox 811 1654 909 1716; x_wconf 86' lang='lat' dir='ltr'>Cloelio</span> 
     </span>
     <span class='ocr_line' id='line_1_19' title="bbox 239 1734 912 1818; baseline -0.004 -22"><span class='ocrx_word' id='word_1_96' title='bbox 239 1734 372 1796; x_wconf 82' lang='lat' dir='ltr'>Graccho</span> <span class='ocrx_word' id='word_1_97' title='bbox 386 1783 396 1807; x_wconf 91' lang='lat'>,</span> <span class='ocrx_word' id='word_1_98' title='bbox 410 1736 517 1797; x_wconf 90' lang='lat' dir='ltr'>bellum</span> <span class='ocrx_word' id='word_1_99' title='bbox 538 1737 684 1798; x_wconf 87' lang='lat' dir='ltr'>adversum</span> <span class='ocrx_word' id='word_1_100' title='bbox 703 1737 851 1796; x_wconf 85' lang='lat' dir='ltr'>Romanos</span> <span class='ocrx_word' id='word_1_101' title='bbox 868 1755 912 1818; x_wconf 86' lang='lat' dir='ltr'>ge·</span> 
     </span>
     <span class='ocr_line' id='line_1_20' title="bbox 237 1817 913 1896; baseline -0.001 -20"><span class='ocrx_word' id='word_1_102' title='bbox 237 1818 361 1890; x_wconf 82' lang='lat' dir='ltr'>rebant,</span> <span class='ocrx_word' id='word_1_103' title='bbox 390 1828 416 1879; x_wconf 87' lang='lat'>&amp;</span> <span class='ocrx_word' id='word_1_104' title='bbox 442 1819 482 1896; x_wconf 88' lang='lat' dir='ltr'>Q.</span> <span class='ocrx_word' id='word_1_105' title='bbox 509 1820 672 1879; x_wconf 90' lang='lat' dir='ltr'>Minucium</span> <span class='ocrx_word' id='word_1_106' title='bbox 700 1817 858 1879; x_wconf 88' lang='lat' dir='ltr'>Consulem</span> <span class='ocrx_word' id='word_1_107' title='bbox 885 1818 913 1875; x_wconf 87' lang='lat' dir='ltr'>in</span> 
     </span>
     <span class='ocr_line' id='line_1_21' title="bbox 236 1899 914 1982; baseline -0.01 -19"><span class='ocrx_word' id='word_1_108' title='bbox 236 1899 348 1982; x_wconf 81' lang='lat' dir='ltr'>Algido</span> <span class='ocrx_word' id='word_1_109' title='bbox 366 1919 464 1960; x_wconf 89' lang='lat' dir='ltr'>monte</span> <span class='ocrx_word' id='word_1_110' title='bbox 479 1901 656 1962; x_wconf 86' lang='lat' dir='ltr'>obsidebant.</span> <span class='ocrx_word' id='word_1_111' title='bbox 678 1900 830 1975; x_wconf 72' lang='lat' dir='ltr'>Quinclius</span> <span class='ocrx_word' id='word_1_112' title='bbox 849 1900 914 1960; x_wconf 91' lang='lat' dir='ltr'>Dic-</span> 
     </span>
     <span class='ocr_line' id='line_1_22' title="bbox 239 1981 913 2064; baseline -0.001 -24"><span class='ocrx_word' id='word_1_113' title='bbox 239 1999 314 2041; x_wconf 86' lang='lat' dir='ltr'>tator</span> <span class='ocrx_word' id='word_1_114' title='bbox 332 1981 445 2052; x_wconf 70' lang='lat' dir='ltr'>dicius,</span> <span class='ocrx_word' id='word_1_115' title='bbox 470 1982 508 2041; x_wconf 80' lang='lat' dir='ltr'>ad·</span> <span class='ocrx_word' id='word_1_116' title='bbox 526 2003 611 2063; x_wconf 89' lang='lat' dir='ltr'>quem</span> <span class='ocrx_word' id='word_1_117' title='bbox 631 1983 709 2042; x_wconf 88' lang='lat' dir='ltr'>missi</span> <span class='ocrx_word' id='word_1_118' title='bbox 727 1983 839 2064; x_wconf 86' lang='lat' dir='ltr'>legati,</span> <span class='ocrx_word' id='word_1_119' title='bbox 864 2002 913 2040; x_wconf 87' lang='lat' dir='ltr'>nu-</span> 
     </span>
     <span class='ocr_line' id='line_1_23' title="bbox 240 2059 916 2123; baseline -0.003 -2"><span class='ocrx_word' id='word_1_120' title='bbox 240 2061 309 2121; x_wconf 90' lang='lat' dir='ltr'>dum</span> <span class='ocrx_word' id='word_1_121' title='bbox 328 2084 393 2122; x_wconf 90' lang='lat' dir='ltr'>eum</span> <span class='ocrx_word' id='word_1_122' title='bbox 413 2083 538 2123; x_wconf 86' lang='lat' dir='ltr'>arantem</span> <span class='ocrx_word' id='word_1_123' title='bbox 557 2083 631 2123; x_wconf 86' lang='lat' dir='ltr'>trans</span> <span class='ocrx_word' id='word_1_124' title='bbox 648 2063 778 2122; x_wconf 83' lang='lat' dir='ltr'>Tiberim</span> <span class='ocrx_word' id='word_1_125' title='bbox 793 2059 916 2122; x_wconf 87' lang='lat' dir='ltr'>offende-</span> 
     </span>
     <span class='ocr_line' id='line_1_24' title="bbox 241 2142 919 2228; baseline 0 -27"><span class='ocrx_word' id='word_1_126' title='bbox 241 2161 339 2211; x_wconf 88' lang='lat' dir='ltr'>runt,</span> <span class='ocrx_word' id='word_1_127' title='bbox 367 2147 417 2226; x_wconf 90' lang='lat' dir='ltr'>qui</span> <span class='ocrx_word' id='word_1_128' title='bbox 440 2145 596 2228; x_wconf 83' lang='lat' dir='ltr'>insignibus</span> <span class='ocrx_word' id='word_1_129' title='bbox 622 2143 739 2223; x_wconf 83' lang='lat' dir='ltr'>sumptis</span> <span class='ocrx_word' id='word_1_130' title='bbox 764 2142 919 2204; x_wconf 85' lang='lat' dir='ltr'>Consulem</span> 
     </span>
     <span class='ocr_line' id='line_1_25' title="bbox 241 2222 917 2302; baseline 0.003 -21"><span class='ocrx_word' id='word_1_131' title='bbox 241 2223 391 2284; x_wconf 84' lang='lat' dir='ltr'>obsidione</span> <span class='ocrx_word' id='word_1_132' title='bbox 417 2225 554 2286; x_wconf 75' lang='lat' dir='ltr'>liberarit.</span> <span class='ocrx_word' id='word_1_133' title='bbox 579 2226 675 2302; x_wconf 86' lang='lat' dir='ltr'>Quare</span> <span class='ocrx_word' id='word_1_134' title='bbox 704 2222 721 2282; x_wconf 71' lang='grc' dir='ltr'>ὲ</span> <span class='ocrx_word' id='word_1_135' title='bbox 741 2224 874 2284; x_wconf 91' lang='lat' dir='ltr'>Minucio</span> <span class='ocrx_word' id='word_1_136' title='bbox 894 2231 917 2283; x_wconf 70' lang='grc' dir='ltr'>ὃ(</span> 
     </span>
     <span class='ocr_line' id='line_1_26' title="bbox 243 2305 919 2382; baseline 0 -20"><span class='ocrx_word' id='word_1_137' title='bbox 243 2308 301 2382; x_wconf 88' lang='lat' dir='ltr'>ejus</span> <span class='ocrx_word' id='word_1_138' title='bbox 323 2309 444 2365; x_wconf 87' lang='lat' dir='ltr'>exercitu</span> <span class='ocrx_word' id='word_1_139' title='bbox 471 2305 576 2366; x_wconf 70' lang='lat' dir='ltr'>coronal</span> <span class='ocrx_word' id='word_1_140' title='bbox 598 2305 680 2366; x_wconf 69' lang='lat' dir='ltr'>aureli</span> <span class='ocrx_word' id='word_1_141' title='bbox 702 2314 729 2365; x_wconf 88' lang='lat'>&amp;</span> <span class='ocrx_word' id='word_1_142' title='bbox 752 2305 919 2365; x_wconf 89' lang='lat' dir='ltr'>obsidionali</span> 
     </span>
     <span class='ocr_line' id='line_1_27' title="bbox 244 2384 919 2457; baseline -0.001 -12"><span class='ocrx_word' id='word_1_143' title='bbox 244 2384 364 2446; x_wconf 88' lang='lat' dir='ltr'>donatus</span> <span class='ocrx_word' id='word_1_144' title='bbox 386 2384 433 2447; x_wconf 88' lang='lat' dir='ltr'>est.</span> <span class='ocrx_word' id='word_1_145' title='bbox 457 2389 538 2447; x_wconf 89' lang='lat' dir='ltr'>Vicit</span> <span class='ocrx_word' id='word_1_146' title='bbox 557 2385 673 2457; x_wconf 89' lang='lat' dir='ltr'>hostes,</span> <span class='ocrx_word' id='word_1_147' title='bbox 697 2385 800 2445; x_wconf 89' lang='lat' dir='ltr'>ducem</span> <span class='ocrx_word' id='word_1_148' title='bbox 826 2408 919 2445; x_wconf 89' lang='lat' dir='ltr'>eorum</span> 
     </span>
     <span class='ocr_line' id='line_1_28' title="bbox 243 2464 920 2549; baseline -0.003 -22"><span class='ocrx_word' id='word_1_149' title='bbox 243 2469 273 2527; x_wconf 87' lang='lat' dir='ltr'>in</span> <span class='ocrx_word' id='word_1_150' title='bbox 287 2467 459 2528; x_wconf 89' lang='lat' dir='ltr'>deditionem</span> <span class='ocrx_word' id='word_1_151' title='bbox 474 2472 580 2549; x_wconf 85' lang='lat' dir='ltr'>accepit</span> <span class='ocrx_word' id='word_1_152' title='bbox 588 2514 597 2541; x_wconf 88' lang='lat'>,</span> <span class='ocrx_word' id='word_1_153' title='bbox 612 2478 640 2529; x_wconf 74' lang='grc' dir='ltr'>δι</span> <span class='ocrx_word' id='word_1_154' title='bbox 653 2464 788 2547; x_wconf 87' lang='lat' dir='ltr'>triumphi</span> <span class='ocrx_word' id='word_1_155' title='bbox 801 2466 848 2526; x_wconf 85' lang='lat' dir='ltr'>die</span> <span class='ocrx_word' id='word_1_156' title='bbox 861 2484 920 2526; x_wconf 89' lang='lat' dir='ltr'>ante</span> 
     </span>
     <span class='ocr_line' id='line_1_29' title="bbox 244 2548 921 2633; baseline 0.003 -27"><span class='ocrx_word' id='word_1_157' title='bbox 244 2571 355 2611; x_wconf 90' lang='lat' dir='ltr'>currum</span> <span class='ocrx_word' id='word_1_158' title='bbox 372 2554 439 2633; x_wconf 90' lang='lat' dir='ltr'>egit.</span> <span class='ocrx_word' id='word_1_159' title='bbox 456 2548 664 2610; x_wconf 82' lang='lat' dir='ltr'>Sextodecimo</span> <span class='ocrx_word' id='word_1_160' title='bbox 677 2550 722 2609; x_wconf 92' lang='lat' dir='ltr'>die</span> <span class='ocrx_word' id='word_1_161' title='bbox 736 2548 921 2619; x_wconf 54' lang='lat' dir='ltr'>dirimam,</span> 
     </span>
     <span class='ocr_line' id='line_1_30' title="bbox 245 2629 923 2713; baseline 0.003 -25"><span class='ocrx_word' id='word_1_162' title='bbox 245 2651 331 2709; x_wconf 90' lang='lat' dir='ltr'>quam</span> <span class='ocrx_word' id='word_1_163' title='bbox 350 2650 518 2711; x_wconf 86' lang='lat' dir='ltr'>acceperat,</span> <span class='ocrx_word' id='word_1_164' title='bbox 537 2630 686 2712; x_wconf 83' lang='lat' dir='ltr'>deposuit,</span> <span class='ocrx_word' id='word_1_165' title='bbox 703 2639 730 2691; x_wconf 78' lang='lat' dir='ltr'>dc</span> <span class='ocrx_word' id='word_1_166' title='bbox 748 2629 785 2691; x_wconf 88' lang='lat' dir='ltr'>ad</span> <span class='ocrx_word' id='word_1_167' title='bbox 799 2631 923 2713; x_wconf 77' lang='lat' dir='ltr'>,agricul-</span> 
     </span>
     <span class='ocr_line' id='line_1_31' title="bbox 244 2710 922 2793; baseline 0.007 -27"><span class='ocrx_word' id='word_1_168' title='bbox 244 2727 336 2770; x_wconf 89' lang='lat' dir='ltr'>turam</span> <span class='ocrx_word' id='word_1_169' title='bbox 351 2711 474 2772; x_wconf 83' lang='lat' dir='ltr'>reversus</span> <span class='ocrx_word' id='word_1_170' title='bbox 490 2710 536 2772; x_wconf 88' lang='lat' dir='ltr'>est.</span> <span class='ocrx_word' id='word_1_171' title='bbox 552 2711 656 2773; x_wconf 86' lang='lat' dir='ltr'>ltertim</span> <span class='ocrx_word' id='word_1_172' title='bbox 676 2710 737 2793; x_wconf 86' lang='lat' dir='ltr'>post</span> <span class='ocrx_word' id='word_1_173' title='bbox 751 2715 780 2772; x_wconf 90' lang='lat' dir='ltr'>vi</span> <span class='ocrx_word' id='word_1_174' title='bbox 802 2715 856 2770; x_wconf 88' lang='lat' dir='ltr'>inti</span> <span class='ocrx_word' id='word_1_175' title='bbox 869 2733 922 2771; x_wconf 87' lang='lat' dir='ltr'>an-</span> 
     </span>
     <span class='ocr_line' id='line_1_32' title="bbox 242 2793 925 2877; baseline 0.001 -25"><span class='ocrx_word' id='word_1_176' title='bbox 242 2811 294 2852; x_wconf 86' lang='lat' dir='ltr'>nos</span> <span class='ocrx_word' id='word_1_177' title='bbox 320 2793 451 2853; x_wconf 62' lang='lat' dir='ltr'>Distator</span> <span class='ocrx_word' id='word_1_178' title='bbox 483 2793 573 2857; x_wconf 73' lang='lat' dir='ltr'>dictus</span> <span class='ocrx_word' id='word_1_179' title='bbox 595 2841 607 2867; x_wconf 84' lang='lat'><em>,</em></span> <span class='ocrx_word' id='word_1_180' title='bbox 632 2795 763 2877; x_wconf 78' lang='lat' dir='ltr'>Spurium</span> <span class='ocrx_word' id='word_1_181' title='bbox 829 2794 925 2854; x_wconf 71' lang='lat' dir='ltr'>ulium</span> 
     </span>
    </p>
   </div>
   <div class='ocr_carea' id='block_1_3' title="bbox 435 3032 448 3063">
    <p class='ocr_par' dir='ltr' id='par_1_4' title="bbox 435 3032 448 3063">
     <span class='ocr_line' id='line_1_33' title="bbox 435 3032 448 3063; baseline 0 0"><span class='ocrx_word' id='word_1_182' title='bbox 435 3032 448 3063; x_wconf 66' lang='lat' dir='ltr'>Q</span> 
     </span>
    </p>
   </div>
   <div class='ocr_carea' id='block_1_4' title="bbox 0 0 1034 3616">
    <p class='ocr_par' dir='ltr' id='par_1_5' title="bbox 0 0 1034 3616">
     <span class='ocr_line' id='line_1_34' title="bbox 0 0 1034 3616; baseline 0 0"><span class='ocrx_word' id='word_1_183' title='bbox 0 0 1034 3616; x_wconf 95' lang='lat' dir='ltr'> </span> 
     </span>
    </p>
   </div>
  </div>
 </body>
</html>
