1982 3614
212 262 280 313 oa
311 238 648 317 CAEeAarauS.
701 270 764 333 273

92 359 148 423 lem
161 362 292 433 inruens,
314 361 517 433 obtestaretur,
539 364 668 446 ignarum
683 364 770 423 cladis
827 440 830 445 Q

95 439 288 514 Numeriani,
312 463 402 524 neque
424 443 539 523 Imperii
561 446 719 524 cupientem
741 444 776 506 se.

96 517 189 593 fuiffe,
203 524 314 604 Aprum
325 525 451 604 proxime
467 523 600 584 astantem
614 526 671 585 istu
681 524 768 585 trans-

96 604 171 740 epit,
198 610 277 684 cujus
307 603 397 676 dolo,
423 606 464 663 uti
489 602 569 684 supra
597 604 768 678 docuimus,

96 681 251 745 aolescens
287 687 377 746 bonus
409 684 550 745 facundus
566 708 599 745 ue
624 695 652 747 &
684 708 769 770 gener

96 763 238 825 occiderat.
262 765 379 826 Caeteris
399 766 482 826 venii
502 707 567 825 dail
579 812 591 836 ,
615 769 768 850 retentique

96 839 213 904 hostium
232 845 291 905 fere
308 867 430 917 omnes,
447 868 479 905 ac
500 846 623 906 maxime
641 851 683 907 vir
701 850 771 909 insia

97 927 154 1004 gnis
183 925 358 987 Aristobulus
383 926 529 987 Praefeeius
561 928 693 988 Praetorio
722 950 771 1010 per

72 1002 76 1015 ¹
97 1004 183 1065 officia
201 1004 260 1067 sua.
282 1008 355 1084 Quae
376 1028 418 1067 res
436 1006 497 1088 post
518 1010 686 1069 memoriam
709 1007 766 1084 liu-

96 1103 205 1145 manam
227 1110 304 1149 nova
326 1108 409 1170 atque
430 1089 611 1168 inopinabilis
633 1088 708 1159 fuit,
732 1093 771 1151 ci·

97 1166 143 1223 vili
161 1166 256 1240 bello,
276 1168 416 1239 fortunis,
434 1167 532 1240 fami,
551 1168 688 1252 dignitate
706 1168 771 1250 spo·

97 1242 189 1307 liatum
201 1251 370 1320 neminem,
385 1249 450 1307 crim
462 1249 508 1330 pie
522 1248 677 1310 admodum
691 1271 771 1311 man-

93 1321 222 1410 ,suethue
242 1333 302 1413 geri
324 1331 469 1400 laetemur,
491 1330 609 1400 exsilio,
631 1327 769 1412 proscrip-

98 1405 185 1480 tioni,
205 1429 234 1470 at
256 1432 289 1470 ue
313 1413 399 1470 etiam
428 1408 569 1490 suppliciis
595 1419 623 1471 &
650 1411 770 1472 caedibus

99 1489 209 1549 modum
229 1433 298 1551 lieri.
325 1491 404 1567 Quid
421 1512 454 1551 ea
473 1511 652 1563 memorem,
672 1490 768 1552 adsci-

100 1565 159 1626 ville
176 1570 319 1632 consortio
331 1572 436 1631 multos
452 1570 655 1654 externosque,
673 1573 770 1633 tuendi

99 1651 287 1724 prolatandive
305 1650 484 1736 gracilioris
503 1653 650 1712 Romani?
670 1654 768 1714 Nam-

99 1745 148 1806 que
168 1733 216 1792 ubi
236 1735 375 1813 comperit
390 1732 490 1795 Carini
508 1731 643 1805 discellu,
668 1734 769 1796 AElia-

99 1827 162 1868 nuru
190 1814 414 1895 Amandumque
446 1835 494 1893 per
524 1814 650 1874 Galliam
681 1815 770 1875 exciti

100 1906 180 1951 manu
200 1894 351 1979 agrestium
377 1915 410 1954 ac
434 1894 597 1965 latronum,
618 1915 690 1974 quos
710 1896 770 1955 Ba·

100 1972 199 2048 gaudas
208 1976 309 2036 incolae
319 1993 423 2035 vocant
435 2019 444 2046 ,
458 1975 597 2054 populatis
609 1974 665 2033 late
676 1977 771 2058 agris,

100 2048 235 2136 plerasque
264 2057 377 2116 urbium
403 2073 532 2126 tentare,
560 2056 769 2116 Maximianum

101 2124 187 2194 statim
204 2135 295 2198 fidum
315 2134 462 2208 amicitiai,
487 2157 661 2218 quamquam
681 2135 769 2196 semi-

101 2213 229 2292 agrestem
244 2265 257 2289 ,
289 2218 396 2277 militiae
421 2236 515 2277 tamen
545 2237 574 2278 at
595 2239 629 2276 ue
655 2220 772 2300 ingenio

95 2287 227 2371 ‚bonum‚
249 2298 452 2378 Imperatorem
472 2299 560 2376 jubet.
575 2239 660 2358 liure
679 2296 773 2378 postei

103 2373 172 2434 cultu
201 2381 354 2453 numinis,
385 2379 517 2439 Herculei
550 2398 773 2462 cognomentum
804 2395 806 2399 '

102 2460 232 2532 accessit3
251 2462 294 2520 uri
309 2460 428 2520 Valerio
440 2461 555 2520 lovium
574 2460 670 2518 :unde
687 2461 773 2519 etiam
861 2474 863 2477 '

103 2535 265 2601 militaribus
279 2542 388 2601 auxiliis
398 2541 485 2622 longe
500 2542 530 2599 in
545 2530 695 2599 exercitum
709 2559 775 2619 prae·

102 2608 233 2682 stantibus
250 2640 356 2680 nomen
371 2623 544 2701 impositum.
558 2619 614 2680 Sed
626 2620 774 2680 Herculius

36 2689 42 2705 ’
104 2691 273 2762 inGaniam
298 2700 457 2781 profeeius',
482 2700 550 2761 fusis
576 2698 701 2761 hostibus
726 2722 774 2762 aut

103 2783 242 2860 acceptis,
267 2785 361 2865 quieta
382 2784 480 2844 omnia
505 2782 584 2843 brevi
608 2802 772 2863 patraverat.

582 2863 618 2924 M
638 2884 657 2927 v
