2056 3628
260 273 304 337 72
429 232 743 321 anteneri

256 368 391 433 barbaros
402 369 575 449 ¹ducerentr'tr
589 393 596 425 z
612 389 768 450 pugnatum
786 387 880 428 tamen
899 362 933 427 ell
998 368 999 421 l

255 452 367 533 ingenti
386 453 590 510 contentione:
610 450 758 531 vielulque
776 451 811 510 ad
828 450 932 531 postre⁴
998 476 999 479 ¹

254 553 336 590 mum
364 532 538 612 Pompeius,
567 541 595 591 ὃ(
627 531 712 591 castra
743 537 801 610 ejus
830 534 932 610 direpta
998 532 999 593 ἦ

254 610 327 673 sunt.
354 611 416 693 Ipse
444 612 581 695 fugatus,
607 612 809 672 Alexandriam
833 615 931 692 petiit,
998 640 999 683 3

255 714 287 752 ur
310 696 326 753 'a
350 715 414 778 rege
435 694 583 777 AEgypti,
612 697 657 752 cni
683 713 759 754 tutor
789 692 805 753 ὲ
832 696 932 754 Senatu
998 690 999 763 l

254 775 335 835 datus
357 774 469 847 fuerat,
492 794 602 857 propter
617 777 769 853 juvenilem
790 780 848 852 ejus
869 795 933 835 aeta·
998 778 999 815 ἕ

253 875 312 921 tem
327 860 484 937 ,acciperet
505 858 609 915 auxilia
624 859 694 937 :qui
712 856 855 918 fortunam
875 879 932 916 ma-

275 939 328 1010 ir,
359 938 447 1020 quam
475 939 631 997 amicitiam
659 936 797 1008 securus,
829 937 931 998 occidit
983 956 999 969 ‘¹

253 958 423 1099 Pompeium
445 1044 451 1077 ε
471 1039 554 1100 caput
576 1024 682 1098 ejus&
703 1020 839 1078 annulum
863 1019 929 1080 Cae-
998 1034 999 1075 }

253 1099 307 1160 sari
325 1103 424 1171 mitIr3
450 1123 508 1181 quo
529 1099 702 1180 conspedlo,
727 1099 823 1175 Caesar
847 1103 931 1159 etiam

252 1182 389 1264 lacrymas
408 1179 506 1242 fudisse
529 1183 650 1252 dicitur,
668 1183 740 1241 tanti
752 1183 805 1241 viri
823 1183 946 1243 intuens.
998 1190 999 1225 ἲ

252 1283 336 1344 caput
350 1310 359 1336 ,
381 1274 407 1325 δι
420 1266 514 1346 generi
524 1262 670 1344 quondam
689 1261 754 1323 sui·
998 1254 999 1309 ἶ

292 1345 404 1405 XXII.
426 1346 501 1404 Mox
528 1343 624 1404 Caesar
647 1343 850 1404 Alexandriam
878 1364 929 1405 ue·
998 1368 999 1387 r

251 1428 319 1496 nit3
341 1428 394 1505 ipsi
407 1420 520 1507 qnoque
538 1426 705 1485 Ptolemaeus
725 1445 819 1505 parare
840 1427 931 1485 uoluit
998 1428 999 1445 ²

249 1507 391 1577 insidias3
418 1507 474 1589 qui
497 1506 578 1567 causi
602 1509 662 1590 regi
688 1507 794 1566 bellurn
821 1507 930 1567 illatum

250 1587 313 1645 est:
332 1590 420 1649 vistus
446 1591 475 1647 in
498 1588 569 1647 Nilo
598 1589 701 1669 periit3
729 1590 930 1670 inventumque

249 1667 290 1727 est
311 1690 409 1750 corpus
426 1675 483 1748 ejus
501 1691 566 1729 cum
584 1669 671 1729 lorich
693 1668 783 1729 antei.
809 1669 930 1743 Caesar,
998 1686 999 1747 ζ

249 1749 420 1810 Alexandri&
434 1755 560 1831 potitus,
579 1772 696 1835 regnum
712 1751 872 1831 Cleopatra
886 1751 932 1811 de·
998 1752 999 1773 ¹

249 1832 292 1892 dit
308 1833 453 1892 Ptolemaei
477 1831 589 1904 sorori,
613 1854 677 1892 cum
697 1831 753 1913 qud
774 1831 928 1892 consuetu·
998 1830 999 1899 ζ

249 1914 344 1973 dinem
365 1913 449 1995 stupri
466 1912 609 1974 habuerat.
635 1914 757 1973 Rediens
777 1912 843 1973 inde
864 1913 929 1975 Cae·
998 1902 999 1951 l

249 1994 315 2065 sat,
338 1993 535 2066 Pharnacem,
557 1993 732 2055 Mithridatis
755 1996 862 2079 Magni
889 1993 927 2053 fi·
998 1996 999 2021 ³

248 2076 343 2146 lium,
369 2079 419 2157 qui
453 2077 591 2157 Pompeio
622 2078 652 2135 in
684 2077 818 2135 auxilium
850 2075 929 2157 'apud

245 2154 421 2217 Thessaliam
442 2156 554 2229 fuerat,
574 2158 754 2217 rebellantem
768 2160 797 2217 in
812 2158 931 2229 Ponto,
998 2180 999 2241 l

248 2247 276 2299 &
298 2240 400 2300 multas
421 2240 522 2320 Populi
546 2239 672 2299 Romani
691 2240 850 2320 provincias
874 2260 930 2299 oc·

160 2344 164 2348 ·
246 2341 420 2400 cupantem,
439 2323 508 2383 ¹uicit
528 2323 587 2381 acie
608 2319 728 2403 :postea
750 2320 787 2381 ad
805 2336 932 2381 mortem
998 2370 999 2401 3

245 2410 297 2462 coe
320 2405 350 2463 it.

321 2483 417 2544 XIII.
439 2484 509 2544 Inde
527 2485 653 2546 Romam
670 2481 821 2567 regrellus,
842 2480 929 2544 tettid

245 2565 275 2625 se
289 2565 431 2626 consulem
446 2565 514 2626 fecit
528 2589 592 2627 cum
605 2569 650 2627 Μ.
661 2567 786 2629 AEmilio
797 2566 932 2648 Lepido,

244 2649 295 2727 'qni
320 2650 345 2705 ei
369 2649 511 2708 Dietatni
537 2646 674 2732 MagIster
704 2649 832 2728 equitum
862 2666 931 2707 ante

246 2749 351 2787 annum
373 2729 471 2788 fuerat.
494 2729 563 2789 Inde
587 2732 616 2790 in
636 2731 764 2791 Africam
784 2729 933 2810 profedlus

245 2807 284 2867 est
298 2831 307 2881 3
334 2810 383 2869 ubi
414 2809 524 2872 infinita
555 2811 689 2874 nobilitas
719 2831 784 2872 curn
815 2809 893 2870 ruba
920 2854 930 2880 ,

745 2892 931 2952 Mauritaniae
