2010 3616
196 299 264 362 104
351 272 703 364 ¹Eurno‘rrr

192 418 241 477 per
255 390 439 456 Odenathum
460 390 548 451 Persae
568 393 636 452 vitri
649 388 716 450 'sunt
733 413 740 446 ε
758 388 890 452 defensa

193 476 300 557 Syriai,
327 473 437 555 recepti
463 471 548 532 Meso
568 471 699 543 oramid,
722 470 810 553 usque
843 473 889 533 ad

195 554 413 636 Ctesiphontem
436 494 605 617 Odenatlrus
624 554 794 634 penetravit„

234 632 288 697 XI.
308 637 373 708 Ita,
397 637 531 698 Gallieno
555 635 771 715 Rempublicam
790 633 883 694 dese-

194 739 294 789 rente,
312 718 478 781 Romanum
499 719 647 796 imperium
669 718 699 777 in
718 715 888 776 Occidente

194 821 244 880 per
256 797 438 871 Postumum,
454 819 501 878 per
515 795 701 860 Odenathum
714 798 743 855 in
756 795 885 857 Oriente

195 878 337 941 servatum
357 878 404 940 est.
427 880 573 941 Gallienus
590 881 695 939 interea
715 877 887 939 Mediolani

197 982 263 1022 cum
285 962 367 1022 fratre
386 962 542 1022 Valeriano
561 959 669 1020 occisus
688 957 748 1030 est,
766 961 886 1038 imperii

197 1065 275 1103 anno
301 1065 379 1103 nono
402 1066 410 1099 ι
431 1039 625 1123 Claudiusque
644 1042 670 1101 ei
692 1039 843 1111 successit,
866 1041 887 1102 ὅ,

199 1125 336 1185 militibus
349 1126 472 1193 elesius,
492 1121 624 1183 lSenatu
641 1122 794 1202 appellatus
807 1123 880 1182 Au-

192 1205 303 1299 gustus.
328 1206 387 1266 Hic
407 1202 544 1275 Gothos,
566 1204 709 1297 Illyricum
732 1202 882 1263 Macedo-

199 1308 334 1369 mamque
352 1283 516 1356 vallantes,
534 1287 645 1368 ingentr
665 1284 759 1365 praelio
780 1285 854 1344 vicit
875 1309 883 1344 t

105 1418 108 1425 .
200 1389 297 1448 parcus
320 1371 383 1439 vir,
400 1389 433 1426 ac
453 1365 615 1436 modestus,
637 1375 664 1426 &
685 1363 749 1444 justi
770 1385 858 1425 tenax
871 1413 884 1438 ,

201 1467 284 1529 atque
310 1449 482 1529 Reipublicae
511 1447 637 1531 gerendae
660 1445 775 1506 idoneus
798 1469 806 1504 t
829 1451 885 1528 qui

202 1548 296 1589 tamen
316 1532 389 1588 intra
410 1531 521 1609 imperii
541 1531 690 1588 biennium
707 1528 808 1587 morbo
828 1530 883 1588 in-

202 1613 295 1681 teriit,
314 1619 340 1683 &
359 1611 450 1670 Divus
469 1611 622 1691 appellatus
641 1608 687 1681 estx.
703 1609 819 1668 Senatus
841 1611 886 1669 in-

202 1694 286 1786 genti
303 1712 368 1750 eum
394 1689 502 1751 honore
528 1691 693 1760 decoravit,
722 1688 827 1748 scilicet
853 1710 886 1750 ut

201 1794 233 1832 in
252 1770 328 1831 curii
347 1773 458 1852 clypeus
476 1775 529 1852 ipsi
546 1792 662 1842 aureus,
682 1773 752 1833 icem
769 1772 800 1830 in
819 1770 886 1832 Ca-

200 1855 304 1935 pitolio
324 1851 412 1913 statua
433 1875 516 1913 aurea
538 1873 694 1932 poneretur.
871 1902 874 1907 ,

243 1935 311 1995 XII.
333 1936 489 2012 Quintillus
505 1933 565 2013 post
583 1956 668 2004 eum,
689 1930 805 1994 Claudii
818 1932 883 1995 fra-

203 2034 266 2086 ter,
289 2012 431 2075 consensu
452 2015 576 2075 militum
603 2017 759 2095 imperator
780 2017 886 2076 elesius

199 2092 261 2167 est,
280 2099 324 2156 vir
345 2100 432 2156 unicae
451 2097 654 2159 moderationis
673 2106 700 2156 &
720 2097 885 2168 civilitatis,

188 2214 191 2225 «
203 2175 354 2256 aequandus
367 2177 446 2237 fratri
456 2178 501 2239 vel
514 2177 734 2258 praeponendus,
747 2174 887 2238 consensu

202 2255 322 2318 Senatsu
342 2258 495 2338 appellatus
516 2257 677 2340 Augustus,
698 2257 886 2340 septimode-

205 2339 282 2396 cImo
306 2338 351 2398 die
372 2340 481 2420 imperii
501 2336 610 2400 occisus
632 2338 679 2401 est.

245 2420 328 2482 XIII.
346 2419 412 2480 Post
430 2442 494 2481 eum
511 2421 677 2483 Aurelianus
695 2419 814 2502 suscepit
831 2422 888 2481 im·

203 2505 336 2582 perium,
354 2499 447 2563 Dacizi
470 2502 587 2582 Ripensi
608 2501 742 2563 oriundus
762 2527 770 2559 t
792 2504 835 2562 vir
853 2505 886 2564 in

206 2583 283 2643 bello
302 2603 420 2664 potens,
438 2584 527 2656 animi
548 2602 643 2643 tamen
668 2582 838 2654 immodici,
857 2593 887 2644 &

204 2663 243 2740 ad
263 2665 454 2725 crudelitatem
474 2668 679 2745 propensioris,
697 2665 803 2746 quique
821 2664 888 2725 Go-

208 2739 272 2804 thos
291 2743 477 2806 strenuissime
496 2748 577 2807 uicit.
606 2747 769 2805 Romanam
794 2745 886 2805 ditio÷

207 2844 274 2885 nent
309 2827 346 2888 ad
375 2825 444 2889 fines
475 2826 604 2915 pristinos
633 2825 711 2890 varii
748 2827 891 2888 bellorum
