1972 3624
235 244 304 309 286
363 174 512 310 kliure.
540 239 753 309 Vrcrou

231 362 285 420 rim
314 358 415 419 Romae
442 377 571 443 corrupto
595 358 708 441 vulgo,
731 357 811 417 simul
831 356 890 417 Ma·

252 442 341 501 nentii
366 441 434 499 odio
464 439 645 499 Potentianus
676 438 809 499 materni.
824 436 892 517 stirpe

231 461 330 581 ilatio
351 524 544 601 propinquus,
565 518 636 579 caeso
658 521 732 581 Urbi
752 518 891 590 Praefecto,

230 601 392 682 armatique
431 601 601 677 ladiatorum
621 622 730 672 manu,
753 600 891 679 Imperator

229 679 271 741 fit.
294 681 385 759 Cujus
408 623 541 741 {olidum
561 683 709 764 ingenium
735 680 804 742 adeo
827 679 894 761 plebi

180 771 185 777 '
229 762 388 832 Romanae,
404 760 587 843 Patribusque
601 764 687 821 exitio
701 760 774 832 firit,
793 762 830 820 uti
841 757 895 841 pas·

198 904 208 920 ,
229 845 285 903 sim
303 843 423 914 domus,
443 842 525 914 fora,
546 846 618 913 viae,
637 843 796 923 templaque
818 861 892 900 cruo-

229 944 278 995 re,
299 946 333 984 ac
349 923 532 985 cadaveribus
548 924 745 1004 opplerentur,
766 919 896 982 bustorum

229 1005 327 1066 modo.
356 1004 458 1085 Neque
480 1025 529 1085 per
548 1025 613 1064 eum
631 1006 764 1075 tautum,
789 1023 893 1062 verum·

229 1089 316 1145 etiam
335 1084 531 1146 advolantibus
541 1084 754 1168 Magnentiauis
767 1129 777 1155 ,
789 1085 834 1165 qui
849 1085 897 1143 tri-

229 1170 334 1227 cesimo
355 1166 401 1226 die
415 1212 424 1238 ‚
439 1166 532 1226 triduo
552 1168 660 1236 minus,
673 1163 782 1225 hostem
800 1185 893 1245 percu·

228 1247 324 1308 lerant.
341 1248 397 1308 Sed
418 1252 478 1326 jam
498 1244 600 1319 antei,
621 1246 686 1306 cum
709 1248 812 1306 externi
831 1267 893 1304 mo·

229 1346 272 1389 tus
290 1326 530 1409 suspectarenmr,
551 1328 735 1411 Magnentius
753 1326 830 1387 fratri
840 1326 896 1387 De·

228 1412 322 1468 centio
349 1409 478 1477 Gallias,
507 1407 690 1470 Constantius
719 1408 826 1479 Gallo,
845 1428 893 1465 cu·

226 1491 269 1569 jus
282 1511 387 1549 nomen
400 1488 451 1550 suo
463 1509 638 1560 mutaverat,
656 1489 820 1560 Orientem,
833 1487 895 1548 (ἷκ-

227 1566 334 1630 saribus
354 1568 562 1631 commiserant.
586 1571 643 1651 Ipsi
663 1572 736 1630 inter
759 1567 786 1629 se
806 1571 893 1629 acrio-

227 1650 305 1709 ribus
321 1653 422 1730 praeliis
439 1672 487 1732 per
505 1653 671 1712 triennium
682 1652 842 1733 congressi,
862 1649 895 1708 ad

226 1749 381 1791 extremum
403 1730 587 1793 Constantius
608 1731 765 1816 fugientem
785 1735 813 1791 in
830 1729 897 1790 Gal·

226 1811 295 1871 liam
315 1812 470 1892 persecurus
488 1817 567 1874 vario
586 1816 687 1874 ambos
705 1810 839 1913 supplicio
857 1808 872 1870 s
882 1843 896 1855 -

226 1912 286 1952 met
307 1892 403 1977 adegit
421 1892 583 1955 interficere.
610 1893 649 1954 Et
668 1895 774 1954 interea
791 1892 896 1954 Judaeo-

224 1991 286 2031 rum
305 1970 405 2035 seditio
416 1997 502 2116 inituri!
514 1975 666 2035 Patricium
685 1973 791 2034 nefarie
810 1976 841 2032 in
859 1992 895 2031 re·

225 2055 276 2133 gni
302 2051 392 2134 specie
503 2075 611 2125 erant,
640 2052 774 2136 oppressa.
800 2055 895 2134 Neque

224 2133 315 2191 multo
343 2134 405 2216 post
430 2138 469 2196 ob
497 2134 632 2197 saevitiam
661 2155 746 2218 atque
775 2138 893 2196 animum

223 2230 351 2285 trucem,
373 2217 472 2278 Gallus
492 2214 612 2301 Augusti
630 2212 701 2293 jussu
719 2219 835 2277 interiit.
857 2214 895 2274 Ita
962 2218 963 2225 ’

223 2293 312 2388 longo
331 2297 477 2359 intervallo
495 2318 600 2358 annum
621 2295 680 2356 fere
702 2296 764 2378 post
787 2297 893 2377 septua-

150 2433 155 2439 ,
222 2390 391 2514 gestmum,
421 2379 508 2439 relata
530 2379 566 2439 ad
591 2399 679 2438 unum
706 2400 771 2438 cura
793 2378 893 2456 Reipu-

243 2457 311 2518 licae.
339 2459 411 2536 Quae
433 2480 526 2521 recens
545 2462 639 2541 quieta
663 2457 680 2518 ὲ
707 2461 785 2520 civili
811 2459 893 2537 trepi-

132 2579 136 2588 .
222 2536 365 2609 datione,
393 2541 510 2600 Silvano
540 2544 569 2602 in
599 2540 642 2598 lm
664 2542 753 2599 etium
778 2541 891 2605 coacto,

221 2622 321 2678 tentari
342 2619 430 2682 ruistis
451 2640 616 2703 occoeperat.
639 2561 667 2680 is
688 2641 813 2702 namque
836 2616 890 2678 Sil·

219 2716 306 2758 vanus
325 2701 355 2758 in
374 2701 470 2762 Gallie
486 2721 561 2763 ortus
578 2701 707 2762 Barbarie
721 2700 889 2781 parentibus,

219 2775 319 2837 ordine
349 2784 487 2855 militiae,
512 2784 596 2844 simul
622 2780 639 2842 ὲ
666 2782 837 2866 Magnentio
858 2773 890 2835 ad
959 2852 960 2855 Ἴ
