1982 3614
228 210 296 281 228
371 201 497 275 Aur.
526 206 776 276 Vrcrort-

228 345 350 406 nemque
387 323 527 384 familiam
567 323 737 386 serviebatur.
771 322 893 406 Namque
961 348 962 397 r

189 469 192 474 ,
230 407 414 476 Cluudium,
441 408 482 463 uti
506 403 587 484 supra
613 405 787 475 docuimus,
808 404 894 464 natuti
961 400 962 449 ἶ

230 484 521 626 performidolosum‚
537 489 640 566 injesto
661 505 737 545 metu
755 483 797 544 sui
815 488 895 568 agita·
961 498 962 564 p

252 587 321 638 ant,
342 567 465 625 maxime
490 569 715 646 conjurationis3
740 588 798 647 quo
820 588 894 624 com·
961 572 962 603 i

231 667 328 708 mento
346 649 438 707 liberti
455 650 561 718 etiam,
582 669 652 728 quos
674 648 798 716 veilent,
815 646 895 726 perdi·

231 748 293 788 tum
310 728 398 788 ibant.
414 727 474 804 Qui
488 727 579 808 primb
593 727 741 788 sceleribus
759 728 895 786 colluben-

232 827 293 880 tes,
318 811 367 869 ubi
393 829 471 888 pares
497 828 618 888 patronae
642 807 710 869 faeti
736 806 895 878 sunt,ea1u

232 912 345 971 quoque
364 893 481 971 ignaro,
498 893 579 970 quasi
594 890 706 967 jubente
724 908 838 959 tamen,
854 888 896 948 do-

233 973 336 1042 mino,
359 991 406 1050 per
433 968 562 1029 satellites
586 969 756 1030 interfecire.
784 969 821 1030 Et
840 967 897 1028 sani

233 1053 264 1110 in
289 1052 319 1111 id
341 1046 477 1132 progressa
498 1052 598 1109 mulier
625 1072 706 1121 etat,
730 1052 772 1110 uti
791 1097 800 1122 ,
820 1050 897 1109 animi

234 1154 267 1192 ac
279 1133 408 1212 pellicum
420 1129 509 1215 gratii
523 1129 633 1190 Ostiam
648 1131 797 1211 profesiO,
810 1131 897 1190 Rome¹

233 1216 344 1294 nuptias
364 1234 427 1272 cum
449 1214 536 1271 altero
557 1212 598 1272 sr'e
620 1232 745 1272 uenturet
758 1236 775 1283 j.
795 1221 821 1272 &
842 1209 897 1269 hinc

234 1296 330 1354 notior
338 1340 352 1364 ‚.
368 1293 436 1352 dum
454 1295 556 1351 mirum
573 1234 683 1353 vitietur
696 1292 771 1373 apud
786 1292 898 1372 Impera-

234 1394 325 1434 torem
352 1376 443 1434 virum
458 1419 470 1443 ‚
494 1371 579 1453 quim
604 1374 771 1453 Imperatori
795 1391 898 1453 nuptam

235 1451 296 1514 esse.
318 1455 361 1514 Ira
381 1456 473 1512 liberti
492 1452 656 1535 potestatem
674 1456 751 1514 nasii
770 1452 898 1514 summam

234 1533 332 1615 stupris
349 1579 359 1604 ,
379 1535 496 1604 exsilio,
520 1534 617 1604 caede,
655 1532 899 1615 rescriptionibus,

235 1618 334 1687 omnia
346 1614 512 1686 foedabant,
531 1615 620 1697 eoque
635 1556 750 1675 [erilem
768 1614 899 1674 stultitiam

236 1697 399 1777 perpulire,
417 1698 458 1754 uti
477 1693 558 1755 senex
579 1695 671 1756 fratris
689 1695 778 1756 filiam
792 1698 821 1755 in
840 1716 899 1774 nup·

204 1827 212 1834 .
236 1781 288 1837 tias
307 1774 519 1915 concupisceret.
540 1778 610 1854 Quae
628 1779 758 1857 quamvis
775 1775 900 1857 superiore

236 1857 383 1918 absurdior
422 1858 565 1929 aberetur‚
586 1857 746 1939 idcircoque
766 1859 845 1938 paria
863 1877 900 1914 ex·

238 1938 422 2009 uiuesceret,
452 1959 561 1998 veneno
588 1945 738 2023 conjugem
765 1938 899 2003 interemit
961 1936 962 2004 i

237 2020 330 2098 Hujus
351 2041 426 2080 anno
444 2017 540 2090 sexto,
558 2017 623 2079 crim
644 2020 853 2101 quatuordecim
867 2038 900 2076 te·

260 2099 352 2169 nirit,
374 2102 620 2182 oiiingentesimus
637 2101 725 2162 Urbis
747 2102 817 2160 mire
836 2098 899 2158 cele·
961 2148 962 2151 ,

236 2122 351 2252 bratus,
369 2178 497 2261 visusque
510 2181 584 2260 apud
594 2180 758 2265 AEgyptum
775 2179 901 2247 Phoenix,

240 2283 327 2344 quam
348 2263 492 2321 volucrem
508 2261 601 2322 ferunt
621 2285 696 2322 anno
716 2261 901 2343 quinquagesi-

240 2364 290 2402 mo
318 2363 351 2401 ex
374 2343 502 2402 Arabum
524 2343 649 2403 odoratis
670 2344 740 2403 lucis
762 2343 884 2402 advolare
891 2358 912 2406 3.

240 2444 323 2505 atque
335 2422 477 2505 inAEgaeo
496 2428 569 2484 mari
587 2425 699 2503 repente
712 2421 801 2483 insula
816 2425 900 2503 ingens

240 2507 373 2575 emersit,
392 2508 474 2564 nosse
491 2505 546 2585 qui
564 2504 686 2564 defesius
704 2505 790 2563 Lunae
809 2499 901 2562 accide-

241 2606 292 2645 rat.
307 2586 426 2645 Tetrum
442 2584 524 2645 sunus
535 2631 547 2654 ,
562 2589 602 2645 uti
620 2585 764 2667 quondam
778 2588 807 2643 in
819 2578 901 2642 Prisco

242 2658 431 2746 Tarquinio,
456 2666 504 2724 diu
526 2667 696 2726 occultatum
724 2689 732 2733 3
762 2664 829 2725 dum
854 2675 901 2719 ³110

244 2747 367 2804 mulieris
381 2749 511 2829 *corrupti
531 2744 675 2820 custodes,
698 2767 805 2830 aegrum
823 2747 899 2805 simu·
