1982 3614
215 278 650 347 orCAEsAnrrun
703 282 767 367 283

90 397 171 479 signe
192 394 312 457 Caesaris
332 396 440 456 datum.
465 396 595 474 Quorum
619 394 683 455 cum
705 418 774 458 natu

90 476 228 618 grandior
242 523 253 546 ,
274 480 412 537 incertum
425 477 481 557 quai
495 475 602 546 causi,
625 481 710 557 patris
722 484 771 556 ju-

109 561 165 618 icio
188 555 354 628 occidisset,
381 559 492 636 repenrb
519 558 675 619 calocerus
699 559 771 618 Ma·

110 637 174 698 ister
189 642 298 719 pecoris
313 638 486 698 camelorum
500 637 630 719 Cyprum
649 637 771 699 insulam

38 746 41 749 ·
89 658 182 799 specie
201 722 283 803 regni
299 719 414 779 demens
429 723 619 799 capessiverat.
640 720 708 796 Quo
726 741 773 780 ex·

90 803 237 872 cruciato,
256 818 287 859 ut
301 799 343 860 sus
357 818 440 870 erat,
460 798 555 860 servili
568 820 616 859 aut
630 800 771 861 latronum
809 812 813 825 ⁴

89 902 194 951 more,
217 879 366 940 condendi
384 880 451 940 urbe
473 879 713 961 formidandisque
733 903 774 940 re-

88 961 246 1044 ligionibus
275 964 420 1044 ingentem
454 962 582 1021 animum
611 965 772 1033 avocavit,

90 1042 177 1102 simul
196 1042 333 1102 novanda·
353 1043 459 1102 militia
478 1042 587 1102 ordine.
610 1042 649 1102 Et
669 1041 774 1102 intere'a

90 1121 257 1183 Gothorum
279 1123 524 1203 Sarmatarumque
543 1121 631 1181 stratae
650 1118 746 1204 gentes
762 1146 772 1194 3

88 1200 222 1284 filiusque
239 1206 403 1263 cunctorum
421 1205 538 1274 minor,
560 1200 701 1263 Constans
723 1224 776 1262 no·

86 1287 192 1354 mine,
214 1281 308 1344 Caesar
327 1282 367 1342 fit.
388 1282 480 1421 CuAus
500 1283 589 1366 gratia
602 1282 774 1362 Reipublicae

89 1363 303 1445 permistionem
326 1362 386 1422 fore
410 1384 429 1422 o
454 1383 582 1422 entorum
606 1365 677 1423 mira
700 1383 772 1442 pro-

89 1444 215 1516 didere3
237 1447 340 1525 quippe
362 1441 395 1503 est
416 1446 524 1515 nocte,
545 1464 606 1538 quae
628 1446 774 1505 commissi

88 1527 206 1605 imperii
228 1525 305 1586 diem
329 1523 518 1605 sequebatur,
550 1526 611 1605 igni
638 1527 773 1584 continuo

90 1607 158 1666 coeli
175 1605 261 1666 facies
283 1606 475 1688 conflagravit.
501 1602 617 1664 Abhinc
636 1603 772 1665 consum-

88 1707 141 1770 pto
167 1686 224 1747 serb
248 1687 364 1746 biennio
378 1732 390 1756 ,
417 1684 507 1745 fratris
530 1683 645 1757 filium,
670 1688 716 1746 cui
741 1707 775 1747 ex

89 1787 172 1848 patre
185 1768 334 1829 Dahnatio
350 1787 456 1827 nomen
473 1765 549 1834 fuit,
566 1764 708 1826 Caesarem
720 1764 777 1844 jus-

12 1859 17 1868 '
89 1852 128 1910 sit
148 1894 161 1918 ,
194 1847 382 1908 assistentibus
408 1847 502 1907 valide
526 1848 702 1906 militaribus.
729 1846 774 1907 Ita

90 1950 171 1990 anno
191 1931 303 2009 imperii
322 1930 463 1988 tricesimo
484 1924 686 2008 secundoque,
709 1923 775 1987 crim

89 2030 186 2071 totum
201 2011 299 2070 orbem
312 2009 445 2069 tredecim
459 2003 607 2077 tenuisset,
628 2005 774 2090 sexaginta

88 2112 175 2152 natus
193 2111 276 2171 atque
298 2088 417 2170 amplius
436 2089 517 2160 duo,
540 2091 570 2147 in
590 2087 688 2148 Persas
706 2107 773 2148 ten·

90 2172 186 2242 dens,
206 2169 223 2230 ὲ
239 2170 302 2251 quis
320 2172 426 2230 beilum
443 2174 527 2230 irrum
548 2190 592 2228 ere
610 2188 774 2250 acceperat,

89 2273 154 2313 rure
167 2254 297 2332 proximo
313 2251 489 2311 Nicomedia
500 2191 703 2331 ,sichyronam
721 2272 775 2310 vo·

90 2353 182 2403 cant,
205 2335 344 2402 excessit,
370 2330 433 2391 crim
457 2332 493 2392 ad
518 2331 549 2390 id
572 2350 674 2391 tetrum
700 2331 775 2392 sidus
824 2395 827 2402 ,

89 2416 211 2496 regnis,
231 2413 309 2493 quod
327 2415 456 2471 crinitum
473 2431 598 2480 vocant,
618 2408 775 2491 portendis·

89 2494 143 2555 ser.
165 2495 258 2554 Funus
276 2494 394 2553 relatum
416 2497 446 2552 in
466 2494 563 2551 urbem
579 2490 622 2551 sui
640 2493 774 2551 nominis.

87 2575 184 2653 Quod
204 2574 270 2635 sane
289 2576 321 2635 P.
345 2575 381 2634 R.
401 2573 542 2657 aegerrime
562 2573 650 2643 tulie,
671 2574 774 2653 quippe

90 2662 172 2735 cujus
187 2659 298 2726 armis,
319 2657 453 2738 legibus,
478 2655 609 2714 clementi
629 2655 749 2734 imperio
764 2699 774 2726 ,

89 2739 175 2819 quasi
196 2757 332 2796 novatam
353 2738 449 2796 urbem
468 2736 630 2794 Romanam
653 2735 774 2817 arbitra-

89 2838 176 2880 retur.
197 2819 272 2879 Pons
292 2838 341 2899 per
360 2819 526 2879 Danubium
545 2816 666 2890 ductus,
687 2814 775 2877 castra
