2010 3616
274 210 637 303 Tnsrrrron’rrr.
742 259 807 324 129

10 416 11 421 ,
121 369 183 445 ejus
201 390 207 424 :
226 366 336 448 quando
358 365 418 426 istic
437 368 536 449 legas,
555 366 739 430 orientibus
757 370 813 429 illie

9 450 11 527 ῗ
120 464 242 539 petitum
267 458 343 531 elle,
365 481 399 520 ex
422 461 525 538 quibns
550 459 600 521 sua
620 459 810 542 haurireju·
861 530 865 535 ,

9 540 11 557 l
113 560 217 620 -niores
234 562 308 641 ipsi,
328 561 448 631 Livius,
468 569 497 620 &
514 560 616 621 Vicior
637 558 715 621 Afer.
736 560 813 639 Quis

118 662 200 720 enim
218 660 363 720 sitVicior
376 660 423 719 ille
441 658 532 730 Afer,
550 661 574 720 si
592 681 651 720 non
669 660 708 721 est
721 659 812 721 histo·

120 757 194 817 ricus
218 758 264 817 ille
284 759 441 818 Ammiano
464 777 656 831 memoratus,
677 781 710 821 ac
734 764 812 839 cujus

121 850 182 910 duo
205 849 268 912 sunt
292 852 407 924 libelli,
430 874 504 934 quos·
530 852 693 914 dicebamus
713 860 724 913 i
747 854 813 915 Nec

119 949 214 1011 obstat
247 949 312 1011 Afri
343 962 519 1033 cognomen.
553 953 632 1013 Nam
664 953 813 1016 Aurelium

118 1046 272 1107 Villorem
300 1050 415 1108 natione
444 1046 523 1109 fuiffe
551 1050 681 1121 Afrum,
707 1048 813 1111 luero

121 1160 182 1201 non
210 1139 370 1213 abhorret,
391 1141 623 1223 quandoquidem
647 1143 751 1205 multus
774 1140 814 1201 est

120 1237 153 1298 in
173 1260 207 1299 ea
223 1238 386 1311 laudanda,
406 1260 439 1299 ac
462 1240 567 1299 alicubi
588 1238 710 1320 appellat
727 1256 814 1299 terra·

123 1350 182 1395 rum
212 1340 301 1396 decus.
330 1335 531 1414 Quamobrem
559 1338 599 1395 ita
627 1335 814 1419 colligimus,

120 1418 253 1496 libellum
273 1435 355 1519 illum
375 1434 410 1495 de
430 1434 551 1518 Origine
569 1436 661 1517 gentis
676 1433 814 1494 Romane

122 1530 291 1614 congestum
309 1529 362 1592 effe
383 1534 419 1592 ab
440 1534 557 1615 aliquo,
575 1534 625 1614 qui
644 1528 729 1591 fuerit
749 1527 813 1612 post

121 1625 274 1686 Aurelium
281 1626 442 1687 Victorem.
454 1626 548 1708 Atque
560 1624 636 1685 idem
647 1622 756 1704 scripsit
765 1624 813 1692 De

127 1720 248 1798 Origine
268 1723 359 1798 gentis
383 1719 531 1783 Patauina
556 1744 567 1780 .·
592 1738 622 1780 ut
648 1717 707 1800 ipse
730 1721 813 1779 initio
873 1794 881 1807 ο

121 1806 214 1870 libelli
231 1811 265 1871 de
285 1811 405 1894 Origine
426 1814 517 1895 gentis
535 1810 673 1872 Romanae
691 1807 813 1869 testatur.

121 1901 276 1962 Villorem
296 1898 374 1962 fuille
399 1901 548 1963 hominem
570 1901 705 1986 gentilem
727 1946 739 1970 ,
768 1897 814 1961 vel
935 1945 937 1955 ,

122 1995 192 2055 inde
222 1993 353 2066 constat,
382 1995 462 2078 quod
489 1999 519 2056 in
539 1994 681 2055 Hadriani
700 1992 759 2054 viti
779 1991 814 2054 eo

122 2081 265 2160 inclinat,
288 2111 318 2150 ur
338 2094 459 2151 Antinoi
482 2087 650 2151 sacrificium
671 2110 714 2149 res
732 2088 816 2149 fuerit

123 2190 203 2266 pia,
225 2184 421 2270 religiosaque.
443 2186 525 2246 Alius
546 2186 582 2244 ab
604 2182 659 2245 hoc
681 2182 815 2266 scriptore

125 2275 167 2336 est
180 2276 310 2338 Aurelius
330 2278 453 2350 Vilior,
471 2295 663 2361 cognomento
681 2277 814 2358 Primus,
925 2318 927 2323 ,

124 2370 164 2430 de
194 2391 252 2452 quo
279 2372 318 2429 sic
346 2371 435 2431 Julius
457 2370 637 2451 Capitolinus
658 2372 688 2429 in
715 2369 817 2450 Opilio

124 2461 286 2522 Macrino:
307 2460 398 2522 Verba
416 2464 527 2541 denique
543 2461 656 2525 Aurelii
675 2461 817 2534 Wbioris,

126 2558 174 2626 sui
197 2555 294 2617 Primo
315 2579 457 2637 cognomen
485 2575 545 2618 erat
565 2602 575 2627 ,
599 2555 653 2617 lucc
671 2555 815 2633 fuerant:

120 2648 310 2720 'Macrinum
332 2650 489 2710 libertinum
509 2649 667 2718 hominem,
685 2647 818 2729 prostibu-

70 2790 73 2796 .
125 2740 186 2822 lum
194 2738 346 2817 servilibus
365 2741 459 2821 officiis
481 2760 659 2817 occupatum,
677 2740 819 2803 &eNam

631 2847 700 2910 'Fv
