2056 3628
307 271 494 342 LIBER
543 270 609 342 ΙΙ.
753 298 797 363 27

151 389 235 452 XIX.
256 389 422 473 Insequenti
437 413 537 464 anno,
557 393 676 452 Valerio
694 392 799 455 Marco

111 481 140 533 dc
156 473 287 534 Otacilio
307 471 508 543 Consulibus,
532 475 562 532 in
580 473 677 534 Sicilid
696 473 713 534 *a
730 475 796 535 Ro·

111 558 204 616 manis
223 575 265 614 res
284 574 396 636 magnae
413 552 494 638 gestae
512 551 584 614 sunt.
600 552 797 617 Tauromeni-

111 638 197 707 tani,
222 634 422 706 Catanenses,
446 644 474 695 &
496 633 625 715 praterei
648 639 795 729 quinqua-

111 719 193 792 ginta
224 716 374 787 civitates,
402 717 432 774 in
462 713 549 776 iidem
577 738 696 796 acceptae
723 722 797 782 lunt.

109 796 213 858 Tertio
241 818 317 857 anno
341 799 372 856 in
394 794 492 857 Sicilia
518 817 615 858 contra
638 798 797 862 Hieronem

110 878 219 938 bellum
238 896 377 959 patratum
399 875 446 936 est.
463 878 489 938 Is
509 899 574 938 cum
590 881 672 940 omni
690 882 798 943 nobili·
885 897 891 903 ·

110 978 168 1019 tate
183 956 423 1040 Syracusanorum
442 980 541 1040 pacem
558 958 727 1021 bRomanis
744 964 798 1023 im·
861 986 863 989 ·

111 1043 257 1120 pertavit,
277 1039 409 1122 deditque
423 1042 532 1126 argenti
545 1042 650 1101 talenta
667 1042 797 1106 ducenta.

111 1120 177 1181 Afri
202 1123 232 1181 in
255 1120 352 1182 Sicilib
373 1124 443 1183 vidti
466 1121 555 1193 sunt,
580 1131 608 1182 δι
629 1121 664 1182 de
686 1121 729 1184 his
749 1123 797 1184 se·

111 1200 209 1262 cundb
227 1202 328 1262 Romae
348 1201 552 1284 triumphatum
571 1194 618 1263 est.

152 1283 226 1343 XX.
248 1284 361 1361 Quinto
386 1306 461 1344 anno
484 1285 554 1343 belli
570 1285 693 1356 Punici,
718 1286 798 1367 quod

112 1383 213 1424 contra
226 1364 313 1424 Afros
331 1388 347 1424 a
370 1365 487 1438 ebatur,
510 1363 632 1445 primdm
648 1365 798 1441 Romani,

113 1446 153 1507 C.
168 1446 282 1506 Duillio
300 1455 327 1505 ὃ(
344 1384 402 1507 Cu.
421 1446 559 1508 Cornelio
575 1445 665 1507 Asini
681 1446 798 1508 Consu-

111 1527 213 1598 libus,
237 1528 268 1586 in
284 1529 356 1586 mari
374 1527 601 1602 dimicaverunt,
625 1531 726 1608 paratis
745 1552 798 1590 na-

110 1607 196 1668 vibus
226 1605 381 1678 rostratis,
415 1630 484 1690 quas
515 1609 653 1668 Liburnae
682 1630 796 1672 vocant.

111 1685 227 1750 Consul
257 1687 408 1750 Cornelius
443 1689 540 1750 fraude
580 1689 646 1749 dece
667 1706 710 1750 tus
747 1689 796 1751 est.

106 1770 257 1841 Duillius,
273 1767 421 1829 commisso
436 1772 556 1853 paullo,
575 1710 797 1855 Cartbaginieu·

64 1906 70 1918 ,
111 1853 186 1910 sium
208 1851 309 1910 ducem
334 1853 425 1922 vicit,
448 1854 564 1935 triginta
587 1860 614 1911 &
639 1871 725 1911 unam
745 1872 797 1911 na-

106 1944 178 1992 uem
193 1934 287 2071 cepit,
306 1933 536 2014 quatuor-decim
551 1934 669 2004 mersit,
689 1930 797 2012 septem

110 2013 205 2073 millia
244 2011 347 2072 ostium
367 2015 462 2094 cepit,
484 2016 537 2073 tria
561 2013 650 2072 millia
668 2013 797 2073 occidit:

110 2115 206 2195 neque
221 2095 278 2155 ulla
302 2096 420 2155 vidlotia
437 2094 577 2155 Romanis
596 2097 702 2179 gratior
719 2093 797 2169 fuit,

110 2176 193 2257 quod
212 2177 309 2237 invicti
330 2174 428 2246 terri,
451 2181 511 2256 jam
530 2176 615 2235 etiam
637 2180 707 2235 mari
726 2175 794 2258 plu-

109 2256 217 2317 rimrlm
238 2254 356 2338 possent.
380 2257 457 2320 Caio
474 2258 590 2338 Aquilio
609 2248 718 2327 Floro,
741 2259 798 2317 Lu-

110 2341 159 2399 cio
177 2339 311 2419 Scipione
324 2336 519 2411 Consulibus,
538 2339 634 2419 Scipio
646 2336 796 2400 Corsicam

110 2429 140 2480 &
161 2420 322 2480 Sardiniam
343 2419 486 2491 vastavit,
510 2420 599 2479 multa
622 2420 712 2479 millia
730 2419 796 2479 inde

110 2503 290 2582 captivorum
309 2500 451 2573 abduxit,
473 2499 647 2580 triumphum
666 2502 732 2583 egit.

152 2582 235 2643 XXI.
258 2584 291 2642 L.
314 2582 430 2641 Manlio
449 2580 603 2652 Volsone,
623 2581 669 2639 M.
691 2581 796 2641 Attilio

109 2663 224 2746 Regulo
248 2661 458 2734 Consulibus,
488 2663 594 2722 bellum
618 2663 648 2721 in
668 2660 794 2723 Africam

109 2747 272 2805 transsatum
291 2743 331 2803 est
349 2767 355 2800 :
373 2763 469 2805 contra
483 2744 678 2804 Hamilcarem
693 2791 702 2815 ,
720 2744 795 2806 Car-

108 2824 334 2910 thaginiensium
350 2824 471 2899 ducem,
490 2828 520 2887 in
533 2822 794 2966 marilpugnatum,

653 2929 672 2987 ¹]
