1972 3624
182 267 608 327 retroire,
700 270 772 344 299

90 394 129 437 ret
144 399 150 434 :
165 373 245 437 Itane
262 397 315 437 nec
335 379 459 437 amicum
472 373 584 445 habeo,
603 392 655 435 nec
675 377 774 436 inimi·

90 479 150 518 cum
165 465 176 518 ὶ
189 457 360 520 dedecorose
373 459 451 529 viri,
463 455 567 539 turpitis
578 478 701 537 peream.
718 458 775 517 Pe-

89 541 134 599 riit
156 562 232 600 anno
254 541 344 601 aetatis
365 540 508 599 tricesimo
532 537 663 600 secundo.
684 538 772 599 Hunc

89 618 172 680 Persae
202 621 233 681 in
260 639 373 681 tantum
397 618 574 691 dilexerunt,
605 641 636 680 ut
660 621 771 703 legatos

90 702 230 762 mitterent
249 721 362 762 orantes
383 702 496 781 copiam
513 699 689 761 construendi
707 723 771 762 mo-

90 786 224 858 numenti,
243 782 382 845 Cetenim
403 780 475 842 aded
495 786 600 842 cunstat
618 784 769 863 provinciae

89 862 235 924 omnisne
258 864 355 924 Roma
376 865 492 924 interitu
518 867 577 943 ejus
600 862 770 936 exsultavit,

90 961 119 1001 ut
146 887 224 1024 pidiis
249 945 348 1006 induta
373 945 452 1026 pileis
482 945 768 1017 manumissionum,

90 1040 220 1107 tanquam
252 1025 326 1088 saevo
356 1045 484 1106 exempta
513 1026 634 1089 domino
662 1027 769 1087 trium-

90 1102 190 1182 pharet.
568 1169 572 1175 ,

130 1187 183 1249 VI.
215 1189 312 1250 Galba
335 1187 426 1249 nobili
448 1189 638 1267 Sulpiciorum
666 1207 770 1271 genere

89 1273 278 1345 promitur,
310 1271 458 1350 imperavit
491 1267 600 1329 menses
631 1267 769 1348 septem,

90 1289 198 1431 diesipue
216 1350 349 1412 totidem.
368 1348 421 1411 Iste
440 1352 471 1410 in
489 1348 679 1411 adolescentes
696 1349 770 1411 infa-

91 1432 158 1501 mis,
169 1433 206 1493 ad
212 1431 385 1493 vescendum
397 1433 585 1512 intemperans
594 1431 656 1492 suit.
666 1430 769 1495 Trium
813 1434 815 1437 ’

92 1512 244 1575 amicorum
267 1514 411 1585 consilio,
434 1511 523 1572 idest
545 1514 668 1584 Vinnii,
686 1512 768 1573 Cor-

91 1591 154 1649 nelii
175 1604 201 1655 &
226 1595 298 1655 Iceli
325 1597 425 1655 cuneta
450 1592 623 1674 disponens,
642 1591 714 1654 aded
736 1613 769 1656 ut

91 1669 158 1733 intra
182 1676 326 1738 Palatinas
356 1676 427 1737 ardes
457 1678 557 1754 pariter
583 1673 767 1748 habitarent,

92 1758 116 1809 &
140 1755 226 1841 vulgd
271 1756 403 1851 aedagogi
431 1755 595 1817 dicerentur.
622 1756 679 1817 Hic
703 1777 768 1817 anto

90 1828 225 1915 sumptam
245 1778 473 1899 dominationem
489 1838 591 1896 multas
608 1838 768 1916 provincias

84 1913 197 2000 'egregie
211 1916 438 1987 administravit,
452 1918 574 1977 militem
593 1914 768 1978 severissime

92 1994 202 2061 &asdans
213 2042 233 2072 ,·
244 2004 286 2062 ita
304 2017 335 2059 ut
353 1993 473 2081 ingresso
496 2019 531 2057 eo
553 1996 640 2058 castra
659 1997 766 2081 vulga·

91 2092 160 2137 retur
174 2079 269 2143 statim
287 2104 294 2139 t
314 2079 399 2159 Disce
416 2080 537 2140 militare
553 2080 654 2150 miles,
674 2079 768 2141 Galba

91 2158 145 2234 est,
163 2184 217 2223 nott
243 2162 403 2223 GaetuIicus·
429 2158 507 2222 Cdm
529 2160 767 2244 septuagesimum

91 2241 197 2302 tertium
208 2244 296 2305 aetatis
306 2263 412 2302 annum
424 2262 540 2335 ageret,
558 2241 627 2303 dum
641 2240 766 2307 factione

92 2315 212 2385 Othonis
241 2321 371 2385 accensas
400 2324 527 2406 legrones
557 2322 647 2385 ioricd
676 2326 766 2384 cestus

91 2395 172 2462 lenire
196 2403 409 2476 contenderet,
439 2403 477 2464 ad
507 2405 601 2465 lacum
631 2403 766 2469 Curtium

92 2480 326 2632 caeiiiiesdalvius
336 2564 425 2628 Otho
441 2562 594 2645 splendidis
613 2582 690 2626 ortus
702 2585 766 2627 mar

92 2644 216 2721 juribus,
238 2670 271 2709 ex
294 2648 402 2729 oppido
424 2647 595 2717 ferentino,
619 2647 768 2726 imperavit

92 2725 196 2789 menses
225 2749 300 2802 tres,
319 2727 379 2790 viti
405 2730 488 2788 omni
512 2729 619 2809 turpis,
640 2727 766 2790 maximi

53 2816 57 2825 '
91 2803 282 2876 adolescentia
300 2811 358 2875 Hic
378 2808 532 2874 avitefflo
550 2806 672 2973 pgmpilm
693 2808 767 2894 apud
