1982 3614
229 312 296 379 190
381 288 505 359 Aut.
535 288 757 358 Vtcuon

226 409 338 473 Exinde
353 407 444 470 socius
460 418 488 470 &
500 408 581 467 miles
601 410 631 467 in
647 405 740 467 castris
756 408 825 488 patri
842 406 917 468 fuit.

224 494 344 554 Mortuo
363 512 397 551 eo
412 489 525 550 causam
539 490 608 548 belli
627 509 776 570 quaerens,
796 488 919 572 Sagun-¹

226 593 287 634 tum
301 574 441 634 Romanis
459 571 627 632 foederatum
644 572 717 629 intra
735 568 782 630 sex
800 570 918 631 menses

224 658 331 715 evertit.
357 654 435 713 Tum
462 653 583 733 Alpibus
604 650 775 731 patefatlis,
800 654 829 711 in
853 653 918 713 Ita·

224 737 295 797 liam
322 737 439 815 trajecit.
467 735 502 794 P:
532 734 695 813 Scipionem
725 733 800 814 apud
825 733 917 794 Tici-

224 839 318 888 num,
347 817 547 897 Sempronium
569 816 633 873 Lon
656 835 704 873 um
733 814 808 895 apud
835 816 915 876 Tre-

224 899 333 970 biam,
360 899 534 958 Flaminium
568 835 655 977 apud
669 894 883 977 Trasymenum
899 945 912 969 ,

222 980 354 1041 Paullum
373 989 400 1041 δι
417 981 577 1039 Varronem
596 976 671 1058 apud
689 976 809 1038 Cannas
826 977 914 1061 supe-

223 1065 303 1123 ravit.
328 1061 462 1143 Ctimque
484 1061 596 1121 Urbem
619 1079 716 1138 capere
736 1057 852 1138 poll'et,
879 1064 913 1122 in

224 1143 418 1225 Campaniam
437 1143 577 1211 devertit,
600 1145 677 1218 cujus
696 1140 805 1200 deliciis
829 1142 913 1203 elan·

245 1229 294 1286 uit.
323 1225 362 1285 Et
385 1224 449 1285 etim
474 1222 510 1281 ad
533 1224 645 1281 tertium
667 1221 705 1280 ab
729 1223 811 1284 Urbe
834 1224 911 1305 lapi-

223 1246 291 1366 dem
312 1305 398 1366 castra
415 1300 568 1387 posuisset,
584 1301 795 1383 tempestatibus
816 1308 911 1386 repul-

223 1386 290 1459 sus,
312 1385 433 1467 ptimtim
449 1384 466 1444 a
482 1385 574 1444 Fabio
589 1385 723 1444 Maximo
740 1384 908 1460 frustratus,

223 1468 326 1528 deinde
343 1466 488 1528 {Valerio
499 1467 603 1525 Flacco
619 1463 765 1545 repulsus,
786 1466 803 1527 a
818 1468 907 1528 Grac·

223 1547 280 1610 clio
292 1560 319 1611 δι
332 1549 472 1610 Marcello
483 1546 514 1606 fu
536 1567 613 1618 atus,
630 1549 660 1607 in
677 1547 807 1609 Africam
824 1571 908 1610 revo·
986 1548 987 1599 l

223 1650 321 1702 catus,
335 1629 493 1710 dScipioue
507 1568 666 1709 li1peratus,
681 1629 717 1689 ad
727 1629 906 1692 Antiochum
986 1662 987 1711 3

222 1733 319 1796 regem
334 1711 411 1772 Siriae
425 1710 575 1794 confugit,
589 1731 710 1791 eumque
724 1709 833 1772 hostem
847 1713 908 1773 Ro

223 1796 316 1854 manis
339 1792 416 1863 fecit.
439 1793 508 1869 Quo
523 1793 625 1864 vitto,
647 1793 683 1852 ad
703 1794 834 1855 Prusiam
849 1795 903 1854 Bi-

223 1874 328 1957 thyniae
354 1895 450 1958 regem
477 1875 641 1945 concessit3
671 1875 745 1934 unde
770 1875 904 1938 Romani

221 1958 365 2041 legatione
388 1976 436 2037 per
454 1955 561 2037 Titum
582 1955 775 2016 Flamininum
797 1961 903 2038 repeti-

222 2057 266 2098 tus
278 2062 288 2109 3
303 2058 338 2096 ne
352 2038 490 2115 Romanis
503 2036 675 2109 traderetur,
690 2036 789 2098 hausto
802 2086 811 2110 ,
826 2040 903 2122 quod

222 2117 276 2179 sub
287 2119 384 2178 annuli
437 2117 517 2177 mmit
534 2115 679 2188 habebat,
700 2140 831 2193 veneno,
850 2123 900 2181 ab·

221 2198 348 2280 sumptus
374 2140 435 2269 elii³
466 2200 571 2279 positus
599 2200 674 2280 apud
699 2199 844 2282 Libyslam
871 2206 901 2264 in

222 2278 288 2343 ared
302 2279 433 2361 lapidei,
454 2282 484 2339 in
503 2278 559 2361 qud
578 2277 719 2364 hodieque
738 2281 900 2367 inscriptum

222 2363 263 2423 est
282 2386 288 2419 :
306 2362 480 2423 Hnuumnu
503 2381 559 2420 uic
584 2384 673 2425 sirus
699 2384 766 2424 esu.
985 2382 986 2443 j

262 2444 371 2505 XLIII.
393 2444 533 2520 Quintius
547 2442 649 2505 Fabius
661 2446 809 2507 Maximus
824 2446 901 2509 cun-

223 2530 333 2598 dlator,
354 2544 387 2585 ut
396 2521 568 2584 Verrucosus
585 2525 730 2587 {Verruci
747 2531 776 2588 in
796 2529 900 2602 labris,
985 2528 986 2555 ³

224 2611 264 2668 ita
290 2607 412 2668 Ovicula
445 2602 461 2663 ὲ
490 2605 640 2667 clementie
665 2629 777 2669 morum
803 2610 900 2673 didius.

221 2687 337 2750 Consul
353 2689 387 2748 de
404 2689 440 2747 Li
461 2686 554 2746 unibus
573 2687 765 2769 triumphavit.
793 2691 903 2752 Hanni-

221 2769 319 2828 balem
343 2768 423 2828 mord
439 2709 533 2849 inegit.
559 2771 721 2830 Minucium
737 2771 902 2855 magistrum

223 2853 352 2932 equitum
374 2853 494 2933 imperio
515 2850 569 2912 sibi
595 2855 699 2935 aequari
724 2850 814 2935 pullus
835 2853 902 2927 est3
