1972 3624
253 269 607 329 arraona
697 278 768 351 ,m

82 370 249 444 ximarum3
271 382 299 434 δι
320 393 397 435 terra
415 392 508 436 motus
558 380 617 438 avis
632 398 680 460 per
694 400 764 460 pro·

82 457 192 515 vincias
208 455 329 527 multas,
345 474 479 539 atroxque
496 397 650 538 pegililentia
664 459 768 521 fames·

85 557 141 617 que
158 544 186 596 &
205 536 336 597 incendia
353 536 430 598 faita
448 536 520 599 suut.
540 540 651 618 Quibus
664 545 765 602 omni-

84 617 137 676 bus
154 616 295 697 Trajanus
311 640 359 700 per
376 621 512 701 exquisita
531 623 654 683 remedia
674 623 765 704 pluri·

84 696 166 757 mrim
183 699 336 778 opitulatus
357 698 419 771 est,
440 698 581 775 statuens,
601 726 637 764 ne
657 704 766 765 domo-

82 799 147 840 rum
172 779 292 840 altitudo
319 780 464 866 sexaginta
490 780 628 863 superaret
652 786 768 866 pedes,

83 860 124 920 ob
140 861 235 921 ruinas
253 860 371 936 faciles,
392 872 420 924 &
439 861 588 944 sumptus,
607 868 630 926 si
650 867 770 948 quando

84 943 155 1003 talia
177 946 396 1085 continlperent,
420 943 564 1006 exitiosos.
592 947 678 1009 Unde
700 971 766 1009 me-

83 1020 141 1084 ritb
163 1023 245 1084 Pater
291 1029 367 1086 atriae
392 1025 481 1087 dictus
505 1025 553 1088 est.
579 1029 663 1089 Vixit
687 1032 769 1091 annis

84 1103 150 1166 sexa
175 1106 234 1166 'uta
269 1126 378 1168 uatuor.

124 1185 156 1247 X
172 1188 211 1247 V.
233 1128 328 1249 AElius
349 1188 510 1250 Hadrianus
531 1188 620 1270 stirpis
637 1190 742 1251 Italica
755 1239 768 1264 ,

85 1266 170 1328 AElio
194 1268 343 1330 Hadriano
362 1270 483 1350 Trajani
503 1273 635 1352 principis
659 1271 766 1332 conso-

86 1349 172 1410 brino
185 1349 279 1411 Adriae
296 1371 359 1431 orto
373 1354 508 1436 genitus,
533 1353 611 1434 quod
630 1354 768 1434 oppidum

86 1433 150 1514 agri
168 1431 266 1492 Piceni
289 1436 376 1493 etiam
400 1435 472 1492 mari
491 1433 637 1494 Adriatico
662 1457 769 1496 nomen
840 1477 843 1482 -

9 1590 11 1595 X
87 1511 191 1585 dedit,
218 1514 370 1595 imperavit
399 1515 479 1575 annis
508 1517 612 1598 viginti
645 1515 772 1576 duobus.¹

87 1591 147 1655 Hic
165 1595 271 1656 Graecis
290 1596 387 1656 litteris
408 1595 558 1677 impensius
578 1595 725 1668 eruditus,
752 1595 770 1656 d

88 1674 229 1772 plerisque
251 1677 394 1739 Graculus
421 1678 574 1759 appellatus
598 1677 645 1739 est.
673 1676 768 1739 Athe-

88 1760 231 1817 niensium
252 1756 342 1820 studia
362 1758 510 1839 moresque
529 1758 643 1830 hausit,
666 1761 771 1840 potitus

89 1858 150 1900 uon
170 1836 299 1900 sermone
314 1838 448 1911 tantum,
470 1838 519 1900 secl
540 1850 567 1901 δι
583 1843 686 1902 caeteris
707 1839 771 1901 dis-

11 1946 12 1949 *
90 1921 224 2000 ciplinis,
244 1921 383 1994 canendi,
404 1919 562 2003 psallendi,
582 1921 771 2004 medendique

89 1998 227 2074 scientid,
244 2005 388 2075 musicus,
409 2023 575 2087 geometra,
597 2004 707 2083 pic’cor,
730 2000 770 2062 fi·

89 2085 206 2165 diorque
226 2104 260 2145 ex
279 2105 330 2144 aere
348 2084 395 2145 vel
415 2105 556 2145 marmore
575 2085 702 2164 proxime
716 2084 775 2145 Po·

90 2163 209 2246 lycletos
228 2173 256 2228 δι
277 2163 484 2246 Euphranotas.
508 2165 632 2226 Proinde
650 2164 773 2227 omninb

90 2246 127 2306 ad
146 2245 199 2308 ista
218 2255 246 2307 tt
259 2244 365 2307 facetus
378 2292 391 2317 ,
412 2263 443 2309 ut
462 2245 617 2332 elegantius
634 2268 773 2329 umquam

91 2327 156 2389 τετὸ
174 2327 334 2410 quidquam
359 2325 490 2389 humanae
513 2350 555 2390 res
580 2347 695 2408 expertae
722 2332 771 2388 vi-

93 2407 221 2470 deantur.
236 2410 353 2469 Memor
365 2408 447 2492 supra
460 2406 547 2491 quim
566 2412 698 2490 cuiquam
713 2430 774 2469 cre-

94 2489 183 2551 dibile
203 2487 265 2562 est,
286 2492 389 2562 locos,
407 2493 548 2586 negotia,
570 2490 697 2563 milites,
720 2491 774 2550 ab·

94 2570 186 2633 sentes
209 2592 323 2654 quoque
347 2572 511 2633 nominibus
538 2568 685 2632 recensere.
713 2571 774 2634 lm·-

96 2657 188 2714 mensi
204 2653 328 2725 laboris,
347 2656 450 2735 quippe
468 2656 519 2736 qui
536 2655 694 2735 provincias
711 2675 774 2715 om·
816 2707 819 2715 ,

94 2755 144 2795 nes
171 2735 295 2815 passibus
323 2736 525 2806 circumierit,
552 2756 657 2818 agmen
681 2739 774 2796 comi·

94 2820 216 2880 cantium
232 2834 418 2900 preveniens,
440 2816 506 2883 edm
523 2816 629 2902 oppida
645 2816 774 2881 uumersa'
