1982 3614
232 245 306 324 '264
377 235 507 306 Aun.
549 238 769 308 Victore

233 358 299 416 culo
320 355 443 417 'educunt
465 359 547 415 nocie
571 355 779 437 intemperati,
798 355 899 437 teloque

234 439 392 514 trajicitur,
413 435 581 515 cujusnam,
603 459 650 517 pet
671 439 795 498 tenebras
814 440 897 497 incer-

234 537 306 576 tum.
335 519 380 577 lta
405 520 525 578 austeris
548 521 623 578 necis
646 540 759 590 errore,
785 540 820 577 an
860 521 900 578 uia

234 597 314 657 bono
328 599 441 677 publico
456 598 614 669 acciderat,
634 600 722 658 inulta
743 599 827 658 caedes
841 540 898 660 luit

235 679 410 759 Quanquam
433 679 470 738 eb
493 681 616 760 prolapsi
639 700 732 740 mores
758 677 844 750 sunt,
865 681 901 738 uti

234 757 311 830 suo,
331 759 417 839 quim
432 760 622 839 Reipublicae,
640 758 787 843 magisque
805 781 898 840 poten·

216 862 222 872 ¹
234 840 279 898 tiae
291 885 301 911 ,
315 839 401 920 quim
413 842 508 924 gloriae
519 840 610 900 studio
626 845 715 921 plures
726 861 820 925 agant.
832 841 900 901 Hinc

235 940 350 1002 quoque
366 943 457 981 rerum
474 923 518 983 vis
538 943 570 982 ac
591 925 742 981 nominum
761 922 900 1015 corrupta,

235 1000 300 1068 cuim
315 1002 477 1083 plerumque
494 1005 589 1082 potior
605 1006 737 1086 flagitio,
760 1004 809 1062 ubi
826 1006 900 1063 armis

234 1080 426 1162 superaverit,
449 1083 625 1164 tyrannidem
644 1104 773 1143 amotam
787 1106 899 1145 vocave-

235 1165 295 1234 rit,
316 1163 421 1223 damno
437 1165 551 1244 publico
566 1162 714 1245 opprellos.
731 1165 900 1242 Quinetiam

235 1245 375 1324 aliquanti
392 1246 450 1325 pari
463 1244 581 1304 libidine
599 1249 628 1304 in
648 1245 797 1305 caelestium
812 1244 900 1306 nume·

234 1345 298 1384 rum
311 1324 483 1397 referuntur,
494 1327 566 1409 aegrb
583 1324 718 1407 exsequiis
731 1328 762 1386 di
783 1329 821 1387 ni.
838 1326 900 1404 Quis

204 1446 206 1449 v
235 1407 265 1464 ni
285 1402 354 1466 fides
373 1427 465 1465 rerum
492 1405 630 1488 gestarum
649 1349 820 1478 obstitifl{t‚
847 1429 899 1489 quae

234 1507 326 1566 neque
343 1484 474 1547 honestos
492 1491 613 1567 premiis
631 1492 776 1571 memorie
791 1487 900 1549 frustrari

233 1568 324 1638 sinit,
348 1590 438 1650 neque
457 1571 595 1649 improbis
612 1591 744 1630 aeternam
765 1569 899 1630 illustrem·

235 1667 290 1728 que
309 1648 418 1708 famam
435 1650 606 1730 procedere,
632 1672 667 1713 ne
685 1653 817 1733 cuiquam
833 1671 899 1731 pete-

233 1748 307 1789 retur
325 1731 411 1790 virtus
431 1753 438 1787 ε
458 1730 521 1790 crim
542 1752 638 1791 verum
648 1732 725 1793 illud
747 1754 830 1814 atque
845 1734 898 1791 uni·

234 1831 300 1868 cum
317 1810 400 1871 decus
416 1814 536 1891 pessimo
553 1815 652 1893 cuique
669 1812 760 1897 gratii
777 1816 898 1874 tribuere·

234 1909 278 1949 rur
292 1937 302 1961 ,
318 1892 464 1972 demptum
481 1894 569 1972 impie
582 1893 673 1954 bonis.
694 1895 824 1977 Denique
837 1894 899 1955 Gal·

231 1971 341 2039 lienum
367 1972 475 2034 subalbi
502 1971 518 2032 ὲ
539 1974 665 2034 Claudio
689 1975 810 2047 Patres,
832 1973 898 2056 qubd

234 2056 293 2130 ejus
318 2054 433 2113 arbitrio
452 2052 611 2134 'Imperium
638 2054 772 2136 cepisset,
802 2058 896 2117 Divum

231 2131 335 2197 dixere,
368 2135 447 2195 Nam
465 2134 537 2194 'cdm
567 2138 704 2216 profluvio
734 2136 783 2197 san
805 2141 895 2208 uinis,

232 2214 346 2273 uulnere
360 2234 419 2276 tam
434 2218 513 2298 gravi
527 2260 537 2286 ,
553 2238 674 2281 mortem
692 2219 746 2277 sibi
761 2158 847 2279 ariete
861 2220 897 2277 in·

234 2295 394 2388 telligeret,
417 2299 539 2381 insignia
560 2298 677 2379 Imperii
697 2300 734 2359 ad
755 2300 898 2361 Claudium

206 2388 208 2393 ’
233 2373 439 2447 destinaverat,
453 2376 560 2437 honore
572 2378 746 2440 Tribunatirs
758 2381 850 2440 Ticini
862 2400 898 2438 re·

234 2459 370 2516 tinentem
385 2459 581 2539 praesidiariam
599 2482 724 2522 manum.
740 2462 827 2540 Quod
841 2459 899 2520 saul

236 2558 401 2610 extortum,
429 2537 493 2599 etim
516 2562 606 2622 neque
630 2542 755 2603 Gallieni
778 2545 898 2626 flagitia,

233 2617 305 2676 dum
333 2619 413 2678 urbes
440 2639 544 2691 erunt,
572 2623 707 2682 occultari
731 2631 899 2704 queant3&

231 2698 353 2778 quisque
367 2703 501 2779 pessimus
514 2704 589 2770 erit,
611 2724 660 2781 par
674 2703 826 2785 similisque
838 2704 899 2763 sern-

232 2798 285 2858 pet
306 2783 359 2861 ipsi
379 2778 535 2857 habebitur.
560 2782 643 2847 Adeti
665 2785 806 2869 Principes
827 2804 900 2864 atque

800 2867 902 2948 Optimi
