1972 3624
202 210 269 303 30l
323 210 447 282 Aur.
476 214 753 287 Vrcroars

198 352 284 431 taque
310 353 386 393 nova
409 330 537 392 instituit.
572 334 624 393 Per
645 356 744 396 omnes
771 348 867 411 terras,'¹

199 435 256 496 qua
277 418 321 494 jus
346 414 510 474 Romanum
538 412 604 486 est,
635 437 772 478 renovatae
796 419 867 479 urbes

198 496 277 556 cultu
289 498 428 579 egregi03
447 498 500 556 viae
518 498 651 576 operibus
670 501 799 559 maximis
812 521 868 559 mu·

198 579 263 638 nitae
286 574 357 635 sunt.
382 576 466 636 Tunc
488 579 581 638 cavati
606 598 717 639 montes
740 600 788 661 per
805 581 866 640 Fla-

198 659 320 719 miniam
338 655 402 717 sunt
421 679 510 737 prono
531 657 714 742 transgtellu,
736 682 797 742 quae
812 662 868 720 vul-

198 741 303 823 gariter
334 737 469 798 Pertunsa
503 760 580 820 petra
611 744 758 802 vocitatur.
794 743 869 801 Mille

198 839 295 904 gentes
309 822 471 899 composita
481 865 493 889 ,
510 819 574 881 etim
588 822 722 882 ducentas
735 824 868 906 aegetriml

198 898 365 982 reperisset,
396 899 535 961 exstinoiis
565 901 671 963 sevitia
697 924 869 984 tyrannomm

197 981 344 1065 plerisque.
361 983 421 1042 Rex
438 980 605 1043 Parthorum
624 983 785 1068 Vologesus
801 1003 869 1044 metu

199 1062 262 1124 solo
284 1066 314 1124 in
332 1084 430 1144 pacem
443 1061 555 1123 coactus
570 1063 618 1123 est.
640 1066 744 1146 Syria,
761 1068 805 1125 cui
822 1067 870 1125 Pa·

198 1143 304 1207 laestina
324 1166 429 1205 nomen
447 1142 507 1215 est,
529 1145 689 1227 Ciliciaque
708 1144 872 1207 Thracia&

200 1226 423 1310 Commagene,
441 1247 530 1306 quam
553 1224 640 1286 hodie
660 1225 869 1310 Augustoplua-

200 1306 307 1371 tensem
330 1310 538 1378 nominamus,
560 1310 713 1387 provinciis
735 1305 870 1369 accelllre.

199 1389 290 1450 Judaei
312 1410 426 1471 quoque
445 1387 535 1447 additi
557 1387 629 1449 sunt.
655 1389 712 1449 Hic
732 1391 891 1450 monenti?

199 1469 251 1531 bus
272 1472 393 1541 amicis,
417 1490 447 1530 ut
469 1489 577 1530 caveret
596 1467 613 1529 *a
633 1471 728 1531 Metio
752 1472 874 1552 Pompo·

198 1554 301 1623 aiano,
322 1551 357 1611 de
376 1573 434 1632 quo
455 1549 547 1611 sermo
564 1552 757 1630 percrebuerat
778 1574 875 1635 regna-

199 1650 316 1702 turum,
336 1631 494 1694 Consulem
512 1631 601 1701 fecit,
622 1633 748 1693 alludens
768 1636 817 1693 tali
829 1655 875 1692 ca·

182 1772 183 1776 ,
200 1714 270 1774 villo
280 1760 292 1783 ,
307 1713 489 1796 Quandoque
510 1733 620 1773 memor
633 1717 684 1773 erit
700 1717 774 1774 tanti
794 1715 878 1774 bene-

200 1792 267 1857 ficii.
289 1793 448 1856 Institutum
468 1792 536 1854 vero
555 1793 698 1854 uniforme
719 1798 801 1854 omni
823 1797 878 1854 im-

199 1878 278 1958 perio
297 1879 395 1938 tenuit.
414 1874 546 2018 Viqilare
566 1873 600 1935 de
620 1879 725 1946 nodie,
746 1874 899 1956 publicis··

158 2034 162 2039 q
222 1979 256 2018 ue
269 1959 377 2019 adibus
390 1956 458 2018 abso
470 1960 524 2017 utis
538 1978 615 2018 caros
629 1958 796 2027 admittere,
811 1957 878 2017 dum

199 1979 334 2099 laium
356 2040 544 2099 calceamenta
574 2036 686 2099 smnens
716 2048 744 2099 &
770 2042 878 2122 regium

199 2117 339 2180 vestitum.
363 2118 430 2180 Post
450 2138 544 2180 autem
564 2123 706 2203 negotiis,
731 2125 876 2200 quacum-

200 2222 256 2281 que
277 2198 471 2270 advenissent,
496 2200 620 2271 auditis,
642 2204 763 2260 exerceri
784 2205 881 2261 vedia-

199 2284 299 2354 tione,
326 2281 428 2342 deinde
452 2279 806 2363 requiescere,post1emd
831 2283 880 2342 ubi

139 2369 144 2381 “
201 2364 325 2435 lavisset,
341 2365 499 2424 remissiore
521 2364 620 2422 animo
638 2365 804 2445 convivium
827 2383 879 2421 cu-

198 2448 291 2508 rabat.
309 2446 392 2506 Plura
414 2445 505 2505 dicere
525 2442 647 2504 studium
669 2446 764 2525 coegit
786 2444 882 2523 lmpe-

200 2531 301 2589 ratoris
313 2528 403 2599 boni,
425 2546 510 2608 quem
526 2524 563 2585 ab
575 2521 695 2607 Augusti
712 2545 807 2583 morte
820 2522 882 2603 post

201 2624 291 2670 annos
308 2606 355 2668 sex
371 2618 399 2670 δι
415 2609 620 2708 quinquaqinta
641 2605 775 2666 Romana
789 2604 884 2685 respu-

200 2687 277 2750 blica
292 2687 564 2774 exsanguissaevitia
574 2706 783 2768 ‘tyrannorum
800 2688 884 2767 quasi
969 2726 970 2729 =

201 2766 263 2831 fato
280 2770 426 2853 quodam,
444 2792 482 2832 ne
500 2767 609 2854 penitus
628 2787 742 2842 rueret,
763 2764 885 2830 allecuta
