1982 3614
195 225 262 277 nn
292 209 627 281 Cannutius.
679 234 748 300 239

92 322 132 385 seu
145 325 243 388 militia
260 328 415 410 reperietur.
428 330 542 410 Quippe
560 330 683 409 primus,
702 349 751 390 aut

94 402 156 481 solus
177 410 259 468 etiam
283 412 354 470 vites
381 411 526 471 Romanas
552 430 627 470 trans
651 409 751 470 Istrum

94 491 261 571 ptopagavit,
280 490 394 551 domitis
412 494 442 553 in
462 493 636 572 provinciam
653 492 753 550 Daco-

94 586 145 626 mm
165 571 269 649 pileatis
285 570 417 653 Satisque
444 573 632 642 nationibus,
659 573 752 631 Deci-

94 645 150 706 balo
168 670 229 734 rege
249 674 281 712 ac
300 653 478 723 Sardonios3
500 654 584 713 simul
602 652 638 713 ad
659 673 754 715 ortum

95 725 158 789 Solis
174 731 274 793 tunila
299 754 417 816 gentes,
440 755 500 814 quae
517 736 588 792 inter
604 733 706 793 Indum
726 743 755 795 δε

94 806 250 888 Euphratem
266 836 363 877 amnes
380 814 500 895 inclytos
516 814 603 885 sunt,
621 811 755 875 concullae

95 887 182 963 bello,
211 914 292 979 atque
316 897 446 975 imperati
473 896 584 956 obsides
610 893 756 957 Persarum

96 966 180 1054 Regi,
199 979 314 1037 nolnine
334 975 488 1047 cosdroa,
511 986 537 1037 δι
554 976 630 1054 'inter
650 997 682 1035 ea
706 979 757 1036 itet

96 1052 226 1116 conditum
243 1078 291 1137 pet
308 1056 380 1117 feras
403 1077 522 1140 gentes,
541 1055 600 1137 qud
618 1055 701 1116 focile
719 1057 758 1117 ab

97 1128 170 1214 usque
183 1136 300 1198 Pontico
316 1140 388 1199 mati
405 1141 435 1199 in
448 1138 575 1199 Galliam
594 1157 758 1217 permeatur.

97 1211 184 1276 Castra
200 1216 412 1301 suspeeiioribus
430 1239 514 1300 atque
531 1220 693 1298 opportunis
713 1220 760 1278 lo·

98 1295 131 1354 tis
141 1295 264 1362 exstrudia
280 1323 290 1372 3
305 1298 432 1381 ponsque
443 1299 579 1359 Danubio
592 1300 738 1379 impositus
749 1321 759 1370 3

98 1394 126 1433 tt
148 1378 263 1442 dedunae
292 1382 467 1441 coloniarum
491 1380 633 1462 pletaeque.
658 1376 761 1440 Adhuc

99 1453 186 1520 Romae
195 1462 366 1522 Domitiano
384 1483 475 1542 coepta
495 1460 580 1532 fora,
604 1481 687 1542 atque
705 1461 763 1521 alia

85 1541 197 1614 nuln,
218 1542 368 1625 plusquam
390 1541 540 1625 magnifici
564 1541 651 1602 coldit
673 1563 761 1602 orna-

99 1621 202 1701 vitque,
222 1634 249 1686 &
267 1645 388 1685 annona
407 1644 542 1705 perpetuat
560 1624 631 1682 mire
649 1622 763 1682 consul·

100 1715 173 1773 turn,
191 1726 299 1787 tepetto
323 1703 490 1786 firmatoque
509 1702 648 1764 Pistotum
672 1704 763 1763 colle-

101 1800 142 1919 {10
161 1807 167 1840 τ
185 1788 267 1847 timul
285 1784 434 1847 noscendis
450 1783 551 1854 ocitis,
575 1806 636 1864 quae
660 1784 766 1864 ubique

136 1862 286 1946 Republicd
311 1867 502 1952 gerebantur,
530 1863 646 1924 admota
671 1863 767 1924 media

100 1943 195 2023 publici
209 1946 313 2010 cursito.
333 1946 421 2025 Quod
436 1944 567 2027 equidem
583 1965 683 2004 munus
701 1941 768 2005 satit

102 2025 184 2098 utile,
206 2021 234 2090 in
251 2027 357 2111 pestem
379 2029 454 2088 orbis
474 2027 599 2086 Romani
618 2027 700 2086 vertit
715 2046 769 2106 po·

41 2141 47 2156 ι
101 2102 233 2171 lletiotum
245 2112 381 2181 avaritia,
391 2107 611 2189 insolentiaque,
626 2109 680 2168 nisi
690 2103 769 2246 qud

77 2216 80 2223 ¹
103 2182 141 2247 hit
155 2194 231 2252 annis
245 2188 367 2255 sufferte
384 2192 455 2250 vires
467 2189 579 2271 Illyrico
592 2188 677 2257 sunt,
722 2208 771 2246 tae·

103 2265 170 2329 fecto
194 2273 322 2333 medente
348 2272 493 2332 Anatolio.
518 2271 618 2340 Boni,
644 2268 770 2330 maline

103 2344 383 2433 lnRepublictl'nihil
401 2350 463 2423 est,
484 2351 562 2432 qnod
580 2351 610 2409 in
631 2290 772 2407 diverlltm

104 2430 201 2492 traduci
233 2454 355 2515 nequeat
392 2432 516 2492 motibus
553 2428 771 2489 Praesidentium.

103 2510 232 2595 AEquus,
255 2516 400 2584 clemens,
418 2512 665 2594 patientissimus,
689 2526 773 2587 atque

94 2591 131 2651 ‘in
147 2598 252 2656 amicos
267 2593 428 2678 perfidelis,
447 2593 551 2674 quippe
569 2591 620 2732 qui
635 2588 709 2648 Surae
727 2587 774 2650 fa-

87 2675 201 2736 ‘mil'tari
218 2699 236 2736 o
256 2699 287 2738 us
304 2673 471 2745 sacraverit,
491 2694 552 2754 quae
590 2691 681 2731 utanae
699 2666 772 2730 sunt.

103 2751 195 2839 Usque
217 2779 252 2818 eo
270 2756 437 2827 innocentiae
453 2753 566 2826 fidens,
590 2754 632 2814 uti
649 2750 772 2814 Ptaefec·
