1972 3624
282 260 631 313 EPITOMR
723 267 785 333 3η

80 403 83 409 -
113 367 223 426 reolum
252 363 393 445 profestos
425 361 472 423 est
503 363 598 441 Quem
628 360 692 423 edm
718 364 792 444 apud

114 466 254 527 pontem,
279 444 392 526 quiex
422 448 481 523 ejus
511 445 627 511 nomine
656 444 793 504 Aureolus

115 527 290 607 appellatur,
318 526 465 585 obtentum
495 523 691 606 detrusumque
721 525 792 584 Me·

115 607 264 667 diolanum
282 605 413 675 obsedit,
432 602 555 684 ejusdem
573 606 690 666 Aureoli
708 626 793 664 com·

118 706 216 746 mento
230 685 246 745 i
260 685 314 745 suis
332 687 445 746 interiit.
460 686 601 768 Regnavit
614 708 702 746 annos
714 687 796 767 quin·

115 768 238 838 decim,
259 784 330 826 'cum
355 785 433 846 patre
454 764 583 845 septem,
613 765 686 826 solus
715 769 793 826 osto.

116 849 201 907 -Vixit
223 868 313 907 annos
331 849 545 985 cpumquaginta.

115 956 118 961 ·
158 927 301 988 XXXIV.
315 926 343 987 C
356 926 453 987 audius
466 930 613 1008 imperavit
628 928 708 987 annis
724 927 797 1005 duo-

118 1009 179 1068 bus.
200 1008 287 1072 Hunc
309 1008 431 1088 plerique
455 1027 554 1088 putant
574 1008 723 1069 Gordiano
746 1006 795 1068 sa-

120 1108 203 1159 tum,
230 1088 298 1148 dum
319 1087 479 1148 adolescens
506 1088 522 1148 i
549 1088 662 1146 muliere
687 1088 798 1149 maturi
844 1127 848 1135 ι

119 1168 304 1228 institueretur
317 1168 352 1228 ad
365 1189 489 1228 uxorem.
503 1169 560 1227 Hic
578 1167 713 1228 Claudius
727 1169 797 1229 Gal-

120 1250 189 1308 lieni
214 1251 360 1309 morientis
386 1248 522 1308 sententilt
543 1249 698 1327 Imperator
719 1248 795 1308 desi-

161 1349 241 1401 atus,
264 1329 300 1390 ad
313 1350 398 1410 quem
417 1324 513 1388 Ticini
527 1329 648 1408 positum
668 1348 716 1409 per
729 1328 799 1389 Gal-

120 1351 230 1470 sonnium
250 1411 384 1470 Basilium
402 1409 568 1468 indumenta
584 1430 598 1467 r
634 1411 661 1469 ia
684 1409 795 1469 direxe-

121 1510 185 1562 rat3
208 1494 386 1570 extinctoque
406 1489 422 1549 dt
440 1487 496 1549 suis
517 1430 661 1560 Aureolis,
683 1494 810 1571 receptis'

121 1572 281 1654 legionibus
308 1569 453 1631 adversdm
479 1589 591 1653 gentem
615 1570 796 1631 Alamanno-

120 1673 183 1713 rum
203 1650 278 1711 haud
299 1652 394 1731 procul
412 1650 428 1710 *a
443 1653 507 1710 lacu
519 1652 630 1711 Benaco
644 1651 797 1725 dimicans,
885 1719 887 1724 ,
919 1672 923 1677 “

122 1752 229 1792 tantam
252 1733 459 1792 multitudinem
480 1731 575 1802 fudit,
595 1753 626 1792 ut
643 1733 715 1815 aegrl
736 1754 798 1813 pars
823 1781 826 1787 .

121 1813 241 1872 dimidia
260 1811 430 1892 superfuerit.
449 1813 505 1871 His
523 1812 621 1872 diebus
633 1815 798 1874 Victorinus

122 1915 241 1968 regnum
257 1896 338 1973 cepit.
357 1891 494 1953 Claudius
512 1890 599 1960 verri,
619 1891 683 1952 crim
697 1914 730 1953 ex
747 1893 796 1954 fa-

123 1958 226 2035 talibus
254 1975 358 2041 libris,
387 1993 458 2053 quos
488 1970 587 2052 inspici
609 1993 796 2052 praeceperat,

122 2051 296 2136 cognovisset
323 2053 464 2114 sententiar
489 2055 520 2112 in
543 2054 647 2113 Senatu
675 2053 798 2115 dicendae

123 2138 208 2216 primi
230 2153 320 2197 morte
340 2135 495 2193 remedium
514 2134 682 2204 desiderari,
705 2136 812 2195 Pom-·

123 2218 213 2296 portio
231 2212 333 2284 Basso,
353 2218 486 2296 quirunt
506 2234 583 2286 erat,
601 2213 629 2274 se
646 2213 798 2288 offerente,

155 2294 290 2356 levitam
317 2293 422 2365 suam,
448 2293 524 2355 lraud
551 2293 638 2375 passus
667 2296 798 2377 responsa

123 2318 267 2445 liustmti,
291 2376 368 2436 dono
388 2376 558 2455 Reipublicae
577 2375 673 2447 dedit,
694 2376 797 2456 praesa-

124 2477 169 2517 tus
189 2460 332 2517 neminem
351 2460 422 2516 tanti
443 2456 548 2515 ordinis
570 2460 673 2538 primas
698 2456 800 2517 habere

125 2535 212 2619 qu‘am
238 2536 329 2617 ipsum
354 2538 562 2618 Imperatorem.
591 2537 634 2596 Ea
666 2557 708 2596 res
731 2541 800 2598 sicut

125 2637 184 2678 erat
201 2620 308 2677 tundis
334 2637 438 2699 grata,
461 2639 520 2677 non
540 2618 610 2678 Divi
630 2619 800 2679 vocabulum

125 2698 234 2769 modi),
258 2697 305 2757 sed
325 2719 358 2756 ex
377 2720 445 2758 auro
465 2698 583 2757 statuam
603 2718 689 2778 prope
709 2698 801 2780 ipsum

124 2780 204 2843 Jovis
225 2781 424 2849 simulacrum,
446 2798 529 2859 atque
550 2782 580 2839 in
603 2777 678 2840 curii
696 2782 800 2864 imagi-

123 2880 192 2920 nem
212 2881 324 2921 auream
340 2860 469 2920 Proceres
490 2858 638 2922 sacravire.
