1972 3624
261 308 613 372 EPJTOMR
704 330 767 396 3ss

90 413 119 466 &
131 405 280 482 Africam,
296 410 494 489 Dalmatiam,
508 416 684 493 Thraciam,
699 427 771 486 Ma·
790 452 793 457 ·

90 487 322 573 cedoniamque,
346 504 373 555 &
391 496 532 559 Achaiam
559 525 565 558 r
585 503 774 568 Anibalianus

90 567 230 631 Delmatii
249 572 370 635 Caesarie
396 577 640 663 consanguineus,
665 585 772 647 Arme-

89 651 195 721 niam,
216 655 399 736 nationesque
425 661 628 724 circumsocias.
654 665 773 730 Interim

90 729 130 787 ob
148 731 262 804 ltaliae,
284 736 442 879 Africaeque
451 746 504 880 pus
520 740 656 804 dissentire
678 745 772 812 statim

86 808 295 875 Constantinus
326 826 352 877 &
407 841 450 880 ⁴on
476 844 534 883 ans.
567 822 772 892 Constantinus

90 890 233 953 latrocinii
263 894 353 977 specie
387 899 454 962 dum
484 906 609 966 incautus
638 906 788 990 foedlque'

87 973 261 1035 temulentus
289 980 321 1037 in
345 980 436 1042 aliena
461 987 563 1057 irruit,
590 984 771 1053 obtruncatus

87 1053 152 1126 est,
175 1057 367 1142 projestusque
388 1065 418 1121 in
437 1065 579 1136 fluvium,
601 1071 646 1127 cui
664 1090 771 1133 nomen

90 1134 162 1196 Alsa
184 1134 245 1208 est,
265 1160 325 1199 non
343 1141 429 1226 longe
452 1146 488 1203 ab
507 1147 649 1227 Aquileia.
674 1150 772 1211 Cons-

90 1235 154 1277 tans
174 1217 241 1279 vers)
264 1222 386 1282 venandi
405 1225 533 1304 cupidine
558 1226 626 1287 dum
648 1249 695 1308 per
716 1235 771 1293 sit-

90 1316 141 1357 vas
168 1297 307 1395 saltusque
335 1322 466 1373 erraret,
498 1305 688 1386 conspiravere
711 1314 768 1372 ali-

91 1384 191 1460 quanti
212 1383 344 1442 milrtares
368 1386 398 1444 in
418 1388 475 1463 ejus
496 1407 616 1460 necem,
645 1390 768 1453 auslori-

88 1460 143 1519 bus
162 1459 292 1522 Chrestio
305 1472 332 1523 δι
343 1462 533 1537 Marcellino,
552 1470 690 1552 simulque
704 1473 770 1534 Ma·

90 1545 238 1622 gnentlo:
284 1544 313 1602 ui
336 1545 385 1603 nbi
415 1546 543 1625 patrandi
573 1556 681 1631 neorii
710 1554 769 1616 dies

89 1622 221 1701 placuit,
246 1562 426 1686 tlarcellinus
447 1629 570 1688 natalem
619 1632 650 1691 lii
675 1635 768 1694 simu·
828 1678 830 1682 ,

88 1704 152 1762 lans
175 1703 319 1788 plerosque
343 1706 379 1765 ad
408 1728 518 1769 coenam
548 1730 638 1794 rogat.
670 1714 770 1796 ltaque

91 1785 122 1841 in
149 1787 268 1845 multam
295 1791 408 1847 nostem
440 1792 571 1849 convivio
600 1794 739 1854 celebrato
755 1843 769 1868 ,

90 1863 275 1946 Magnentius
298 1871 378 1947 quasi
402 1867 438 1927 ad
460 1871 563 1929 ventris
585 1869 668 1931 solita
692 1873 769 1934 sece-

91 1943 185 2014 dens,
211 1943 339 2006 habitum
359 1948 547 2008 venerabilem
571 1954 654 2031 capit.
675 1953 718 2013 Est
738 1964 769 2015 re

90 2025 225 2107 cogniti,
244 2026 386 2088 Constans
413 2028 508 2112 fugere
535 2050 670 2103 conatus,
694 2037 768 2115 apud

90 2104 232 2165 Helenam
259 2108 394 2189 oppidum
419 2108 554 2190 Pyrenaeo
580 2116 766 2192 proximum,

90 2184 257 2247 lGaisone
282 2211 346 2248 curn
370 2189 525 2251 lectissimis
550 2188 630 2252 millo
654 2195 766 2257 interli-

90 2268 162 2326 citur
186 2290 260 2327 anno
283 2273 363 2329 tertio
386 2271 497 2332 deamo
518 2272 648 2356 Augustae
667 2275 765 2337 domi-

60 2405 63 2408 ,
89 2350 214 2408 nationis
232 2355 321 2421 (natu
341 2349 437 2412 Caesar
450 2356 573 2413 triennio
592 2353 701 2429 fuerat)
715 2363 768 2419 aevi

90 2426 212 2508 septimo
231 2434 430 2512 vicesimoque.
452 2430 509 2492 Hic
527 2433 583 2492 suit
600 2435 698 2493 debilis
716 2458 766 2516 pe-

90 2507 173 2570 dibus
201 2511 408 2593 manibusque,
435 2514 612 2573 articulorum
642 2514 765 2590 dolote3

90 2589 248 2651 fortunatus
267 2594 334 2653 coeli
358 2596 509 2673 temperie,
536 2592 674 2655 fructuum
699 2618 769 2679 pro-¹

88 2690 196 2743 ventu,
220 2673 296 2733 nulla
321 2672 338 2733 t
360 2675 487 2735 Barbatia
509 2673 683 2747 formidine5
704 2700 766 2760 quae

88 2750 219 2830 profesto
238 2760 347 2835 majora
371 2753 487 2825 fierent,
511 2758 534 2814 sl
559 2759 764 2836 provinciarum

88 2831 206 2898 restores
222 2856 281 2897 non
300 2837 412 2919 pretio,
432 2834 480 2896 sed
497 2835 603 2916 judicio
621 2838 765 2919 protexis-
