1972 3624
216 188 285 302 324
343 212 770 285 AunVrcTours
838 178 843 187 ’
964 210 965 225 ’

211 336 254 393 xit
273 333 372 401 annis,
393 333 481 391 tribus
503 330 622 402 mimis,
643 334 851 416 quinquaginta.

252 412 400 473 XXXII.
429 414 554 475 Licinius
581 415 749 473 Valerianus
777 435 883 497 cogno·
965 434 966 501 ᾗ

213 513 312 554 mento
333 494 495 563 Colobius,
517 495 667 572 imperavit
690 516 777 553 annos
801 497 883 574 quin-
965 514 966 533 l

212 575 304 634 decim
316 608 335 643 ,ι
347 575 507 654 parentibus
534 592 612 634 ortus
638 573 880 654 splendidissimis,

213 654 327 733 stolidus
357 673 454 714 tamen
482 662 510 714 &
541 653 661 714 multtim
686 658 777 724 iners,
801 675 885 735 neque

212 736 250 796 ad
276 733 356 794 usum
384 736 507 815 aliquem
529 736 642 814 publici„
658 736 746 794 officii
774 737 885 795 consilio
966 780 967 807 2

214 815 261 876 seu
280 814 362 910 gestis
384 815 623 875 accommodatus.
637 815 696 874 Hic
709 814 797 875 filium
812 815 886 874 suum

186 945 191 952 .
214 897 380 957 Gallienum
407 893 564 977 Augustum
591 896 682 966 fecit,
713 897 886 976 Gallienique

215 976 307 1037 filium
337 975 504 1036 Cornelium
529 977 715 1036 Valerianum
743 975 886 1037 Caesarem.

215 1058 270 1119 His
295 1059 495 1137 imperantibus
519 1057 685 1138 Regilianus
704 1060 736 1116 iu
757 1057 886 1127 Moesis,

218 1139 335 1200 Cassius
364 1139 498 1199 Latienus
528 1136 676 1198 Postumus
704 1140 733 1197 in
767 1136 888 1208 Galliis,

218 1218 343 1280 Gallieni
365 1216 425 1278 filio
442 1216 612 1289 intersesto,
635 1219 823 1299 Imperatores
845 1217 887 1277 cf·
967 1220 968 1225 ’

217 1298 286 1375 scili
304 1297 375 1359 sunt.
396 1300 460 1358 Pari
480 1299 569 1359 modo
581 1299 715 1358 AElianus
735 1299 811 1378 apud
826 1300 890 1358 Mo-
968 1310 969 1315 ’

217 1382 381 1462 gentiacum
393 1427 403 1451 ,
416 1383 447 1439 in
461 1378 594 1461 AEgypto
611 1380 808 1452 AEmilianus,
822 1379 889 1459 apud

216 1460 391 1523 Macedonas
413 1460 545 1530 Valens,
572 1461 732 1521 Mediolani
758 1460 889 1521 Aureolus
969 1520 970 1537 p

217 1542 397 1605 dominatum
419 1537 552 1600 invassise.
578 1541 747 1603 Valerianus
772 1540 839 1601 verb
863 1543 890 1600 in

216 1619 429 1702 Mesopotamii
456 1622 562 1681 bellurn
595 1643 716 1703 gerens,
746 1620 765 1681 “a
792 1623 890 1702 Sapore

216 1700 361 1762 Persarum
383 1722 410 1760 re
433 1721 448 1761 e
467 1703 628 1781 superatus,
647 1723 716 1773 mox
737 1704 825 1762 etiam
843 1724 889 1762 ca-

216 1803 302 1864 ptus,
315 1782 389 1863 apud
409 1723 526 1843 Parthos
539 1782 662 1865 ignobili
681 1780 815 1845 servitute
829 1805 892 1842 con·
938 1784 944 1789 ’
970 1792 971 1851 ᾗ

217 1863 316 1925 senuit.
338 1865 415 1924 Nam
434 1863 571 1944 quamdiu
585 1865 672 1935 vixit,
691 1863 753 1922 Rex
772 1863 891 1942 ejusdem

217 1946 388 2024 provinciae,
415 1947 560 2003 incurvato
585 1965 620 2002 co
649 1943 751 2024 pedem
777 1947 891 2004 cervici-

217 2027 270 2085 bus
299 2030 356 2103 ejus
379 2027 559 2104 imponens,
584 2045 687 2105 equum
712 2024 893 2086 conscendere

217 2104 314 2165 solitus
332 2124 396 2164 erat.

259 2184 435 2253 xxxin„
458 2186 605 2246 Gallienus
633 2185 751 2266 quidem
772 2189 804 2247 in
834 2188 894 2247 loco

219 2266 348 2327 Cornelii
364 2264 415 2326 filii
426 2264 466 2324 sui
479 2268 664 2327 Salonianum
674 2269 794 2329 alterum
808 2266 895 2329 filium

218 2346 402 2430 subrogavit,
423 2351 515 2407 amori
535 2347 644 2408 diverso
665 2349 799 2427 pellicum
819 2349 896 2408 dedi·

219 2449 286 2499 tus,
308 2428 447 2490 Salonina
477 2432 629 2511 conjugis,
654 2437 682 2488 &
707 2431 896 2497 concubinae,

219 2532 305 2591 quam
327 2530 375 2590 per
394 2510 574 2588 passionem,
596 2507 722 2570 concessa
745 2530 823 2588 parte
847 2509 897 2570 su-

218 2592 334 2669 perioris
356 2590 526 2660 Pannoniae,
545 2589 562 2649 b
581 2609 657 2670 patre
675 2591 899 2650 Marcomanno-

217 2690 279 2734 rum
309 2691 373 2753 rege
399 2672 575 2731 matrimonii
603 2669 694 2749 specie
717 2669 898 2750 susceperat,

216 2749 318 2831 Piparn
339 2753 465 2813 nomine.
485 2752 649 2814 Novissime
673 2749 805 2814 adversus
831 2753 896 2814 Au-
