1972 3624
230 253 298 338 298
350 248 477 322 Aut.
505 254 782 327 Vrcrortts

148 380 152 387 '
175 402 177 406 ·
227 370 288 432 Hic
314 373 343 431 in
368 372 450 434 Urbe
481 361 774 453 amphitheatrum&
801 368 898 438 lavacra
965 380 966 383 ’

229 449 391 514 construxit.
411 453 535 514 Pontum
559 457 588 513 in
613 459 657 532 jus
675 459 823 536 provincie
845 458 896 516 Po·
965 464 966 531 j

230 535 353 595 lemonis
379 536 471 617 reguli
500 532 630 615 permillu
658 537 785 620 redegit,
811 536 826 598 b
848 559 899 619 quo

230 616 447 678 Polemoniacus
467 616 574 678 Pontus
591 619 744 698 appellatus
758 617 812 690 est,
826 622 899 679 item·

252 717 286 757 ue
310 695 424 758 Cottias
447 699 553 778 Alpes,
577 698 680 759 Cottio
702 720 767 781 rege
787 719 899 760 mortuo.

229 719 278 839 {o
291 799 415 860 namque
426 778 561 839 dedecore
572 780 711 860 reliquum
722 783 786 841 vitae
795 783 864 864 egit,
873 800 900 839 ut

231 859 335 1003 gudeat
350 881 508 920 memorare
522 858 717 940 hujuscemodi
729 883 898 1002 guemquam.
965 872 966 937 ξ

259 940 279 1001 ὸ
303 939 443 1024 progeffus
464 941 528 1014 est,
560 964 591 1002 ut
612 964 702 1024 neque

742 965 801 1014 uae,
820 962 899 1023 neque

230 1023 355 1084 aliorum
378 1023 518 1103 pudicitiae
538 1044 676 1103 parcens,
700 1024 737 1084 ad
757 1043 899 1084 extremum
965 1052 966 1095 t

232 1106 353 1165 amielus
373 1105 540 1164 nubentium
559 1107 705 1187 virginum
725 1104 829 1184 specie,
851 1126 897 1184 pa-

232 1185 291 1246 lam
312 1205 470 1246 convocato
488 1187 592 1246 Senatu
608 1186 674 1246 dote
694 1184 790 1258 diua,
806 1188 899 1245 cunetis

233 1266 304 1328 festa
330 1267 365 1327 de
388 1288 468 1327 more
494 1265 761 1349 frequentantibus,
788 1267 898 1326 nuberet.

145 1368 147 1372 ’
232 1349 311 1423 Pelle
333 1351 422 1408 tetius
443 1347 530 1420 ferae,
550 1350 660 1430 utrique
683 1346 760 1408 sexui
780 1348 898 1431 genitalia

233 1432 314 1491 vultu
337 1430 535 1505 contremebat.
557 1430 685 1489 Matrem
708 1431 792 1489 etiam
817 1426 898 1508 stupro
965 1460 966 1507 3

232 1513 459 1582 contaminavit,
483 1531 570 1592 quam
598 1509 778 1590 postmodum
804 1512 896 1569 intete-
965 1514 966 1559 l

233 1594 297 1652 mit.
322 1591 477 1653 Oe‘taviam
503 1601 530 1652 &
560 1592 697 1652 Sabinam
723 1607 897 1676 cognomento

232 1673 386 1752 Poppaeam
403 1676 433 1732 in
447 1674 660 1732 matrimonium
675 1672 771 1745 duxit,
789 1674 848 1734 viris
862 1692 897 1729 ea·

233 1775 297 1813 rum
312 1753 463 1814 trucidatis.
479 1754 562 1814 Tunc
579 1755 675 1814 Galba
689 1753 831 1834 Hispania
842 1753 898 1812 Pro-

235 1833 333 1895 consul
363 1845 391 1896 δι
421 1834 510 1895 Caius
535 1836 624 1896 Julius
648 1839 796 1915 imperium
822 1835 896 1894 cotri-

233 1918 329 1998 puere.
350 1917 413 1978 Ubi
429 1916 581 1976 adventare
598 1917 678 1977 Nero
698 1917 821 1977 Galbam
837 1913 897 1974 didi·

235 2000 294 2069 c'it,
314 1996 487 2078 Senatltsque
506 1996 643 2058 sententia
662 1996 856 2067 constitutum,
873 2011 897 2053 ut

234 2099 316 2139 more
340 2085 481 2157 majorum
503 2078 579 2139 collo
601 2082 631 2139 in
652 2079 763 2139 furcam
787 2079 898 2167 conjedlo
965 2124 966 2143 ,

234 2161 322 2243 uirgis
340 2160 376 2219 ad
392 2181 491 2219 netem
509 2159 675 2230 crederetur,
696 2159 817 2221 desertus
832 2156 897 2218 undr·
963 2162 966 2217 ἕ

233 2262 312 2322 que,
329 2243 421 2301 noetis
440 2241 556 2313 medio,
574 2239 695 2382 egreffus
713 2242 841 2311 Urbem,
859 2235 873 2297 s
883 2270 895 2281 ·

236 2321 385 2405 quentibus
412 2319 553 2392 Phaone,
609 2321 797 2404 paphtodito,
827 2321 896 2380 Neo·
965 2344 966 2403 ᾗ

235 2402 381 2486 phytoque
402 2402 572 2482 &spadone
593 2405 702 2486 Sporo,
723 2425 808 2486 quem
824 2422 898 2485 quon·

169 2484 173 2491 ⁴
236 2486 304 2547 dam
325 2483 466 2546 exsedlum
488 2484 611 2545 formate
631 2488 662 2547 in
681 2488 827 2547 mulierem
845 2502 897 2542 ten-

236 2587 361 2639 taverat,
379 2565 466 2627 semet
482 2569 541 2626 ielu
558 2566 647 2650 gladii
664 2566 818 2649 transegit,
837 2564 900 2642 adju

236 2668 320 2708 vante
350 2648 535 2729 trepidantem
564 2669 681 2708 manum
711 2650 849 2728 impuro,
872 2642 899 2701 de

236 2748 294 2808 quo
325 2729 466 2801 diximus,
492 2727 642 2801 eunucho,
664 2726 727 2788 clm
753 2727 820 2790 sane
840 2725 899 2808 prius

235 2809 314 2871 nullo
333 2831 462 2893 reperto,
481 2809 498 2870 ‘a
521 2833 579 2893 quo
599 2810 750 2884 feriretur,
770 2810 898 2871 exclama·
