1982 3614
190 210 261 280 250
346 185 721 258 AunVrcron

189 328 270 370 tanto
290 306 370 367 domi
390 303 539 387 forisque,
560 310 654 367 uxoris
674 306 776 386 probra
797 302 877 366 sum-

190 411 270 451 mam
284 390 380 472 gloriae
391 388 535 467 dempsere
549 409 559 457 3
578 408 665 467 quam
679 388 751 447 adeo
765 385 878 447 famose

190 471 335 552 amplexus
346 467 405 539 est,
425 488 457 528 ut
467 466 584 550 cogniti
593 467 711 527 libidine
722 482 732 540 3
751 489 782 527 ac
795 489 878 528 team

192 551 419 630 conjurationis,
440 547 590 609 retentirit.
614 548 704 626 Quod
721 570 785 609 cum
802 549 875 609 infi-

192 653 243 692 mo
257 651 336 711 turpe
351 676 360 702 ,
375 649 436 690 tum
453 629 613 710 potentibus
627 652 637 699 3
655 639 682 690 δι
703 631 745 690 illi
761 634 876 712 magis,

192 716 316 772 coinon
339 713 442 792 privati
462 734 472 782 ς
493 730 584 792 neque
602 712 728 793 singuli,
750 729 796 770 aut
817 713 875 770 fla·

192 796 315 876 gitiosi3
340 789 439 853 verum
465 794 610 871 imperia,
637 794 800 862 exercitus,
826 811 875 851 at-

193 895 249 955 que
268 872 329 955 ipsa
347 876 418 933 vitia
436 869 601 933 concutere.
620 873 699 933 Nam
719 871 783 931 crim
801 872 880 953 pedi-

193 956 248 1017 but
265 976 338 1038 aeget
360 955 468 1014 beilum
489 973 673 1023 moraretur,
696 953 781 1033 idque
803 955 879 1014 miii·

194 1055 236 1097 tes
258 1037 340 1096 anxie
363 1034 491 1104 ferrent,
514 1033 628 1116 ejusque
650 1033 741 1095 filiurn
762 1034 879 1095 Bassia-

196 1138 288 1188 num,
313 1119 364 1199 qui
383 1115 478 1178 Caestt
495 1114 551 1175 uni
571 1115 695 1186 aderat,
716 1114 878 1195 Augustum

196 1196 344 1269 feciffent,
360 1200 391 1257 in
409 1197 532 1257 tribunal
547 1194 576 1256 se
598 1195 689 1267 ferti,
709 1192 799 1256 adeffe
815 1219 883 1257 orn-

195 1300 246 1339 nes
256 1326 266 1352 ,
276 1279 536 1360 imperatoremque
543 1299 576 1337 ac
589 1277 753 1348 Tribunos,
771 1276 884 1338 Centu-

197 1363 289 1420 riones
309 1381 342 1420 ac
363 1356 513 1430 cohortes,
534 1359 637 1441 quibus
656 1356 815 1418 auctoribus
833 1381 883 1418 ac-

196 1441 325 1508 uiderat,
343 1437 422 1512 sisti,
439 1460 551 1501 reorum
566 1439 655 1500 modo
667 1485 679 1509 ,
702 1441 791 1518 jussit
808 1439 882 1516 Qun

196 1541 275 1580 metu
295 1520 392 1580 stratus
412 1519 494 1581 humi
512 1524 626 1589 viriet,
648 1519 712 1581 crim
735 1539 883 1582 tantorum

197 1605 332 1663 exercitus
350 1604 463 1662 veniam
492 1621 651 1681 precaretur
671 1625 679 1659 z
701 1598 883 1673 Sentitisne‚

196 1686 226 1742 in
248 1685 289 1742 uit
299 1730 309 1755 ‚
321 1679 433 1763 pulsant
444 1704 550 1752 manu,
562 1701 646 1762 caput
662 1684 755 1761 potius
765 1727 777 1751 ,
790 1681 884 1762 quim

197 1704 280 1844 peies
300 1768 439 1843 imperare
461 1770 472 1822 ἓ
491 1763 593 1843 Neque
615 1762 706 1823 multo
725 1760 787 1843 post
809 1763 882 1824 Bri-

197 1848 299 1905 tunniae
324 1845 509 1924 municipio,
534 1846 580 1904 cui
603 1844 728 1904 Eboraci
747 1864 885 1916 nomen,

198 1930 279 1988 annis
298 1928 378 2008 regni
400 1924 595 2008 duodeviginti
617 1925 721 1985 morbo
744 1923 886 1986 extiniins

199 2005 246 2067 est.
263 2007 353 2066 Ortus
375 2005 467 2066 medie
482 2003 624 2078 humilis,
644 2003 739 2086 primo
758 2006 860 2066 litteris
871 2051 884 2077 ,

198 2085 300 2147 deinde
320 2086 442 2147 imbutus
460 2086 544 2156 foto,
563 2108 622 2168 quo
635 2107 735 2166 parum
752 2107 888 2147 commo·

199 2165 282 2226 dante
294 2213 306 2236 ,
327 2169 369 2226 uti
386 2169 467 2228 rebus
488 2171 556 2228 artic
575 2165 672 2238 soler,
701 2168 770 2227 dum
790 2186 888 2228 tentat

198 2267 246 2308 aut
262 2250 383 2328 exquirit
400 2251 479 2308 vatia
497 2249 694 2329 melioraque,
716 2246 888 2309 conscendit

197 2324 363 2409 Imperium.
376 2329 422 2388 lbi
433 2333 564 2412 graviore
575 2350 720 2410 expertus,
733 2331 862 2389 laborem
870 2376 882 2400 ,

200 2430 301 2482 curus,
322 2429 451 2480 metum,
467 2420 494 2471 8(
510 2414 617 2471 incerta
634 2409 748 2491 proruis
759 2414 884 2482 omnia,

198 2494 279 2572 quusi
301 2489 376 2551 restit
395 2494 458 2553 vitae
479 2492 644 2553 mortalium
659 2532 672 2560 ,
693 2489 817 2561 cntra,
834 2494 886 2552 in-

197 2573 283 2652 quit,
315 2570 389 2643 fui3
416 2572 548 2634 conducit
571 2570 652 2633 nihii
680 2572 775 2632 Funus
801 2573 887 2652 quod

196 2652 279 2713 liberi
299 2653 375 2715 Geta
397 2652 599 2736 Bassianusque
619 2654 745 2713 Romam
767 2652 884 2713 dernie-

197 2752 286 2803 rnnt,
304 2736 373 2794 mire
392 2736 586 2813 celebratum,
604 2735 770 2816 illatumque
783 2735 885 2796 Marci
