1982 3614
217 193 285 258 280
358 187 483 257 Aua.
512 188 729 284 Vrffcuoa

213 329 266 368 nos
285 306 442 367 Alexander
465 306 666 386 pro-Praefedio
686 327 800 389 gerens,
821 306 869 366 do·

214 391 335 448 minatui
351 387 451 447 stolide
471 388 656 458 incubuerat,
679 387 741 446 crim
758 387 811 466 ipse
825 388 869 447 de-

215 469 266 528 bili
289 488 391 541 atate,
417 467 575 549 agrestibus
589 490 621 527 ac
640 469 803 529 Pannonicis
824 490 868 549 pa·

213 551 335 610 rentibus
352 549 526 618 vecordior,
551 549 678 621 milites,
698 550 870 609 tumultuarie-

214 649 268 712 que
285 633 417 710 quaesiti,
436 651 579 689 armorum
597 633 644 692 vix
664 631 784 690 medium
802 628 873 689 habe·

213 730 296 770 retur.
332 711 463 792 Denique
497 732 561 770 eunt
595 709 612 769 e
641 711 778 790 Tyranno
809 712 873 770 missi

234 793 388 852 aucissimis
413 790 575 851 cohortibus
599 790 700 851 Rufius
721 793 873 852 Volusianus

214 812 363 932 lraefedus
392 874 553 943 Praetorio,
585 893 618 931 ac
647 873 778 933 militares
806 873 874 932 dures

216 954 274 1013 levi
305 956 454 1013 certamine
490 953 644 1012 confecere.
683 953 751 1030 Quo
782 956 875 1021 vieto,

217 1034 380 1094 Maxentius
400 1032 508 1095 Cartha
530 1036 607 1094 inem
626 1055 763 1095 terrarum
786 1033 878 1101 decus,

217 1115 303 1175 simul
329 1114 431 1175 Africae
456 1055 614 1191 pulchriora
641 1113 766 1186 vastari,
790 1115 880 1193 diripi,

218 1196 386 1277 incendique
411 1193 522 1274 juss'erat
543 1219 553 1266 3
577 1195 651 1255 ferus
673 1241 683 1266 ,
707 1190 880 1255 inhumanus-

220 1298 275 1358 que
310 1298 342 1336 ac
371 1277 488 1336 libidine
524 1274 615 1336 multb
652 1278 757 1336 tetrior.
796 1272 884 1335 Adhuc

221 1356 338 1438 pavidus
367 1367 395 1417 &
422 1357 568 1428 imbellis,
597 1378 681 1438 atque
705 1360 736 1416 in
763 1356 885 1416 desidiam
965 1368 966 1389 ¹

223 1436 299 1497 fode
317 1450 440 1517 probus,
462 1437 498 1498 us
514 1460 547 1497 ue
567 1437 627 1508 eb,
649 1457 680 1497 ut
700 1440 830 1521 flagrante
846 1455 888 1516 per

222 1517 336 1578 Italiam
364 1520 467 1590 bello,
494 1461 621 1600 iusisque
651 1519 726 1598 apud
755 1520 887 1579 Veronam
965 1572 966 1575 ,

223 1596 303 1668 suis,
325 1595 416 1658 nihilo
432 1598 543 1682 segnius
559 1598 641 1659 solita
661 1618 790 1670 curaret,
810 1615 890 1677 neque
965 1608 966 1613 ’

222 1682 308 1759 patris
330 1680 416 1738 exitio
440 1686 605 1740 moveretur.
632 1681 766 1761 Namque
787 1680 889 1740 Hercu·

224 1760 278 1819 lius
298 1758 396 1819 natura
414 1762 621 1841 impotentior,
636 1762 720 1820 simul
736 1758 787 1819 filii
805 1757 891 1840 segni·

225 1843 271 1900 tiae
290 1860 442 1912 metuens,
464 1840 620 1901 inconsulte
641 1844 789 1920 imperium
805 1840 893 1920 repeti·

226 1942 311 1981 verat.
325 1920 457 2003 Ctimque
471 1920 560 2004 specie
570 1922 657 1981 officii
675 1921 748 1982 dolis
762 1921 893 2001 composi-

227 2004 264 2065 tis
277 2001 496 2062 Constantinum
510 2024 643 2086 generum
657 2023 775 2062 tentaret
788 2000 894 2071 acerbe,

227 2085 285 2161 jure
298 2082 415 2152 tandem
425 2087 573 2145 interierat.
587 2084 642 2145 Sed
654 2085 814 2143 Maxentius
825 2101 897 2140 atro-

229 2164 290 2222 cior
307 2166 337 2223 in
360 2164 441 2235 dies,
462 2166 576 2225 tandem
591 2166 669 2226 Urbe
685 2167 714 2225 in
732 2165 804 2225 Saxa
820 2162 896 2221 rubra

230 2245 320 2304 millia
338 2244 427 2304 ferme
445 2268 549 2306 novem
569 2246 711 2328 aegerrime
733 2240 897 2328 progreffus,

230 2323 294 2386 crim
315 2325 384 2386 caesd
400 2330 459 2386 acie
476 2328 586 2410 fugiens
603 2324 690 2385 seruet
710 2326 831 2385 Romam
855 2343 896 2382 re-

231 2410 354 2486 ciperet,
373 2408 504 2480 insidiis,
526 2430 594 2489 quas
611 2405 684 2467 hosti
699 2407 774 2486 apud
791 2423 899 2486 pontem

230 2489 374 2550 Mulvium
393 2490 550 2559 locaverat,
564 2492 593 2548 in
612 2485 777 2570 transgreffu
788 2485 899 2554 ‚Tiberis

231 2571 397 2648 interceptus
427 2570 493 2641 est,
528 2569 683 2650 tyrannidis
712 2589 788 2627 anno
817 2565 898 2626 sexto.

230 2647 324 2726 Hujus
333 2671 401 2716 nece
412 2652 572 2711 incredibile
583 2669 719 2731 quantum
733 2647 827 2707 laetitid
839 2665 903 2740 gau-

232 2727 336 2812 dioque
364 2731 482 2792 Senatus
511 2753 543 2792 ac
569 2732 663 2814 plebes
689 2728 901 2792 exsultaverunt,
965 2770 966 2775 κ
