1982 3614
228 247 292 310 188
376 239 749 309 AttaVrcrou

175 428 178 431 ,
223 362 298 420 bello
318 359 375 419 dux
395 378 493 419 contra
516 356 765 440 Carthaginienses
784 353 892 428 missus}

224 442 288 503 crim
303 441 410 500 videret
428 462 474 499 eos
492 441 612 500 multum
632 444 705 500 mari
722 436 794 520 polle
808 486 816 510 ,
830 438 892 498 clas-

224 519 283 581 sem
308 525 399 603 magis
425 520 550 581 validam
580 519 665 601 quim
699 521 826 580 decoram
850 520 891 578 fa·
979 554 980 575 i

224 603 343 662 bricavit
354 648 363 673 ‚
375 611 402 661 δι
415 647 423 672 ,
438 603 523 682 [quas
537 623 638 660 corvos
653 603 824 676 vocavbre‚]
839 622 893 659 ma-

225 705 275 742 nus
297 682 399 743 ferreas
415 705 479 742 curn
497 681 579 742 irrisu
597 679 719 741 bostium
738 685 839 762 primus
851 685 892 740 iu·
979 720 980 751 ᾖ

224 762 337 834 stituit,
359 762 459 846 quibus
482 767 554 823 inter
579 763 762 846 pugnandum
785 761 893 822 hostium
979 756 980 773 ¹

224 844 593 985 plavesapprehendi14qui
609 849 677 905 visti
698 855 725 905 &
744 848 818 925 capti
829 843 893 938 sunt.

258 929 373 987 annibal
391 927 446 986 dux
466 927 560 986 classis
579 924 788 1008 Carthaginem
808 924 895 1007 sugit,

226 1015 254 1066 &
273 1005 290 1065 ‘a
303 1009 407 1067 Senatu
420 1010 564 1088 quaesivit,
582 1007 653 1088 quid
668 1006 826 1066 faciendum
845 1026 898 1064 ceu·
979 1070 980 1085 χ

227 1086 326 1148 serent.
345 1090 510 1156 Omnibus,
531 1108 562 1146 ut
579 1106 735 1170 pugnaret,
755 1089 899 1147 acclaman-
979 1088 980 1125 ἶ

226 1170 302 1228 tibus
325 1193 331 1226 ε
356 1171 444 1240 Feci,
469 1173 498 1227 in
520 1172 582 1238 uit,
601 1179 629 1228 δι
652 1172 743 1229 victus
765 1167 845 1236 sum3
864 1169 899 1225 sic
979 1180 980 1187 ’

229 1272 344 1330 poenam
367 1254 455 1311 crucis
480 1190 587 1332 elingit.
609 1250 687 1309 Nam
712 1249 787 1329 apud
807 1250 900 1308 Ptenos

227 1330 287 1390 dur
303 1333 376 1390 male
392 1354 421 1391 re
435 1329 511 1414 gesti
524 1332 699 1410 puniebatur.
718 1332 817 1390 Duilio
833 1352 899 1388 con·
979 1390 980 1397 χ

230 1410 331 1470 celsum
352 1412 411 1484 est,
430 1432 460 1470 ut
479 1413 644 1493 praelucente
664 1412 816 1481 funali,'&
834 1432 900 1490 prae-
979 1410 980 1439 l

229 1495 339 1551 cinente
355 1495 491 1563 tibicine,
509 1492 620 1553 acoetib
638 1493 750 1574 publice
768 1492 871 1552 rediret.

269 1572 428 1634 XXXIX.
450 1575 553 1633 Atilius
572 1575 719 1634 Calatinus
734 1574 790 1634 dux
808 1574 903 1633 adver-

231 1652 276 1713 stis
306 1652 558 1738 Carthaginienses
585 1652 701 1726 missus,
729 1658 858 1715 maximis
880 1663 907 1715 δε

229 1737 619 1807 munitissimis'civitatibus,
633 1735 737 1807 Enni,
753 1737 884 1816 Drepano
897 1780 908 1806 ,

230 1816 381 1895 Lilybaeo,
402 1814 513 1876 hostilia
525 1817 654 1896 praesidia
673 1817 783 1897 dejecit.
800 1819 907 1877 Panor-

230 1918 311 1957 mum
330 1900 412 1977 cepit.
435 1898 563 1975 [Totam
581 1898 708 1958 Siciliam
726 1918 910 1980 pervagatus,

231 1982 326 2058 paucis
347 1980 465 2038 navibus
484 1999 620 2038 maenam
639 1977 762 2050 hostium
782 1976 910 2049 classem,

232 2058 301 2117 duce
319 2059 502 2128 Hamilcare,
526 2027 700 2138 speravit]
719 2060 776 2119 Sed
794 2058 857 2119 crim
877 2059 913 2119 ad

233 2137 420 2199 Camerinam
438 2142 474 2199 ab
500 2137 625 2199 hostibus
646 2138 784 2200 obsessam
807 2139 914 2201 festina·

233 2238 298 2289 ret,
319 2217 442 2280 apoenis
460 2224 490 2279 in
509 2219 642 2303 angustiis
660 2221 767 2281 clausus
786 2220 825 2279 est
836 2269 848 2291 ,
867 2223 914 2280 ubi

233 2299 377 2362 Tribunus
407 2303 529 2361 militurn
557 2302 728 2383 Calpurnius
760 2304 913 2372 Flamma,
979 2332 980 2339 ¹

233 2386 353 2461 acceptis
367 2386 496 2442 trecentis
510 2381 617 2452 sociis,
637 2385 667 2441 in
686 2382 858 2462 superiorem
877 2385 916 2443 lu

235 2485 301 2523 cum
322 2468 432 2533 evasit,
448 2461 591 2523 consulem
609 2464 757 2536 liberavit3
774 2463 832 2545 ipse
852 2486 916 2524 cum

234 2548 364 2604 trecentis
383 2566 511 2628 pugnans
530 2544 640 2605 cecidit.
653 2543 752 2604 Posteit
770 2545 806 2604 ab
826 2546 916 2605 Atilio

236 2623 409 2685 semianimis
432 2630 559 2685 inventus
585 2635 614 2686 &
640 2624 752 2686 sanatus
775 2670 785 2696 ,
812 2648 918 2767 mapno

236 2704 331 2782 postea
357 2710 457 2766 terrori
483 2704 608 2767 hostibus
636 2706 697 2768 suit.
721 2708 826 2768 Atilius
850 2730 917 2792 go·

235 2786 313 2844 riute
334 2786 526 2886 triumphavit.
773 2827 774 2830 =
