1972 3624
270 308 623 360 arraona
715 316 777 380 {m

97 408 208 483 vietor,
231 409 392 491 cunetisque
413 407 505 471 fuiffet
523 406 620 490 plenus
636 408 739 482 bonis,
759 413 782 472 si

98 494 133 553 ad
174 489 403 576 cognoscendam
440 493 612 572 Reipublicae
652 494 781 575 gerendae

81 571 245 634 'scientiam
258 575 385 634 animum
401 571 574 642 intendisset,
594 572 611 631 a
643 572 678 633 ua
690 575 780 654 prope

95 656 227 726 alienus,
248 676 308 715 non
327 651 418 714 modo
436 655 603 724 voluntate,
622 593 670 714 ier
693 656 780 715 etiam

82 739 229 801 exercitio
247 735 309 797 fuit.
331 736 408 796 Nam
427 735 496 795 dum
516 737 665 794 exercitum
685 737 779 818 negli-

95 836 195 901 geret,
215 825 242 877 &
279 838 364 877 aucos
385 838 418 875 ex
436 816 556 887 Alanis,
578 837 650 896 quos
670 818 780 900 ingenti

94 919 165 959 auro
192 897 228 957 ad
251 838 279 956 ie
303 895 497 968 transtulerat,
521 896 671 957 anteferret
692 904 779 961 veteri

93 1001 129 1040 ac
150 979 284 1038 Romano
303 980 414 1050 militi,
441 979 568 1080 adeotpue
594 977 779 1040 barbarorum

95 1064 236 1120 comitatu
255 1068 282 1120 &
302 1060 388 1142 prope
411 1063 538 1120 amicitia
560 1079 725 1139 caperetur,
747 1082 779 1122 ut

93 1162 301 1222 nonnunquam
326 1141 427 1201 eodem
451 1139 549 1201 habitu
570 1145 621 1201 iter
649 1139 777 1213 faceret,

94 1221 163 1281 odia
178 1243 274 1282 contra
288 1220 316 1282 se
330 1223 454 1282 militum
467 1224 607 1282 excitavit.
624 1222 691 1281 Hoc
704 1242 778 1282 tem-

95 1324 165 1384 pore
184 1301 249 1363 ctim
268 1304 414 1363 Maximus
437 1304 512 1385 apud
526 1303 702 1363 Britanniam
727 1325 776 1384 ty·
795 1372 799 1375 ¹

93 1385 242 1444 tannidem
260 1382 434 1465 arripuisset,
456 1394 483 1445 &
501 1387 532 1444 in
547 1384 676 1445 Galliam
690 1384 781 1446 trans-
837 1436 842 1441 .

92 1463 242 1538 misiffet,
274 1466 311 1525 ab
335 1465 453 1526 infensis
479 1466 619 1527 Gratiano
649 1467 776 1550 legioni-

94 1548 148 1607 bus
179 1565 333 1618 exterus,
364 1547 535 1608 Gratianum
564 1546 699 1630 fugavit,
725 1570 778 1608 nec

93 1626 175 1687 mori
204 1567 360 1700 exiiinxit,
385 1630 435 1710 qui
459 1630 530 1689 vixit
558 1650 648 1689 annos
675 1630 779 1713 viginti

4 1738 6 1743 '
94 1729 211 1770 novem·

132 1789 272 1850 XLVIII.
294 1788 477 1850 Theodosius
496 1792 607 1873 genitus
624 1808 700 1871 patre
714 1791 779 1852 Ho-

90 1874 205 1943 norio,
232 1890 320 1931 marre
344 1868 555 1943 Thermantia,
574 1892 675 1954 genere
701 1871 775 1932 His-

112 1974 203 2024 anus‚
225 1955 366 2035 originem
389 1950 551 2030 aTrajano
573 1954 697 2034 principe
719 1974 778 2014 trr-

90 1973 186 2104 Iiens‚
206 2030 223 2092 ‘a
239 2033 380 2094 Gratiano
400 2032 528 2117 Augusto
549 2033 623 2115 apud
640 2035 776 2096 Sirmium

90 2114 253 2195 Imperator
271 2111 404 2183 effeetus,
425 2117 554 2197 regnavit
571 2137 660 2176 annos
677 2114 775 2176 decem

79 2205 120 2256 ’δι
148 2193 264 2276 septem.
291 2195 368 2255 Huic
396 2194 490 2255 ferunt
523 2196 628 2255 nomen
662 2195 776 2257 somnio

89 2296 219 2357 parentet
237 2278 361 2335 monitos
380 2272 541 2348 sacraviffe,
562 2296 593 2336 ut
612 2278 713 2337 Latine
734 2280 777 2340 in-

88 2359 271 2441 telligimus,
291 2354 308 2415 a
325 2358 391 2417 Deo
411 2357 518 2417 datum.
542 2358 588 2417 De
610 2356 666 2418 hoc
689 2359 775 2420 etiam

88 2440 207 2498 oraculo
224 2439 254 2496 in
271 2436 341 2497 Asia
356 2438 533 2523 diuulgatum
551 2436 612 2508 est,
632 2460 696 2498 eum
711 2439 776 2500 Va-

88 2520 162 2579 lenti
183 2515 391 2590 successurum,
411 2525 488 2599 cujus
509 2540 615 2580 nomen
633 2541 648 2579 e
669 2528 694 2580 Θ
710 2529 774 2583 &E

89 2609 119 2661 8(
142 2606 166 2660 0
191 2619 274 2681 atque
297 2609 323 2660 Δ
347 2600 453 2662 Graeeis
482 2601 580 2661 litteris
604 2603 771 2662 initiaretur.

88 2679 160 2759 Qui
183 2684 354 2765 cognatione
373 2684 503 2762 principii
523 2682 652 2763 deceptus
671 2681 773 2743 Theo·

75 2761 194 2833 dotus,
215 2761 280 2823 etim
305 2764 360 2823 sibi
379 2764 527 2845 imperium
548 2763 644 2824 deberi
666 2762 772 2844 praesu-

86 2861 201 2913 meret,
220 2841 338 2903 scelesta
354 2844 493 2922 cupidinis
512 2844 647 2927 supplicia
665 2843 774 2926 persol-

58 2920 138 2988 ⁴vit.
166 2924 231 2987 Fuit
262 2944 356 2990 aurem
385 2923 566 2990 Theodosius
577 2946 772 3070 ppropagator

620 3030 649 3071 tv
