1982 3614
163 284 222 336 nr
241 268 361 340 Viris
378 287 669 364 insumamus.
701 294 764 359 193

67 408 189 449 cerunt.
203 389 321 469 Syriaco
332 392 410 455 bello
421 390 565 451 Tribunus
576 391 701 450 militum
717 389 768 450 sub

66 470 124 530 M.
152 470 251 528 Acilio
275 471 433 531 Glabrione
455 473 597 555 occupatis
617 469 786 546 Thermo-¹

66 551 213 633 pylatum
239 554 345 634 jugis,
376 552 535 633 praesidium
562 550 685 611 hostium
713 552 768 612 de-

67 632 162 713 pulit.
187 630 298 692 Censor
322 633 355 695 L.
382 634 555 692 flaminium
578 632 769 695 Consularem

29 774 34 781 ,
69 715 192 775 Senatu
206 714 321 784 movit,
339 711 416 795 quod
431 714 478 772 ille
494 715 525 774 in
538 713 656 785 Gallia,
673 714 709 774 ad
720 736 771 775 cu-

67 792 197 875 jusdam
211 792 295 853 scorti
308 791 497 875 spectaculum
510 839 519 865 ,
532 795 665 854 edustum
679 817 770 877 quen-

71 874 152 935 dam
174 875 189 933 ὲ
211 896 341 947 carcere,
367 897 397 935 tn
416 874 549 935 convivio
568 875 690 969 jugulari
706 875 769 954 jus-

72 952 168 1016 silset.
185 952 336 1015 Basilicam
358 954 410 1017 suo
429 958 547 1017 nomine
566 954 770 1037 primusfecit.

73 1037 254 1106 Matronis,
270 1057 437 1099 ornamenta
461 1056 556 1118 erepta
574 1036 673 1119 Oppia
689 1039 714 1096 le
736 1059 772 1112 e,

74 1117 277 1198 repetentibus
314 1116 420 1180 restitit.
454 1116 610 1178 Accusator
647 1059 773 1180 auiditas

76 1199 231 1258 malorum
245 1244 257 1268 ,
282 1199 408 1260 Galbam
431 1201 629 1282 osingenarius
651 1197 771 1273 accusa-

75 1281 124 1339 vit
138 1302 149 1350 3
164 1277 223 1360 ipse
257 1279 403 1365 uadragies
416 1277 692 1361 quateraccusatus,
727 1280 776 1338 lo-v

42 1377 46 1383 ·
76 1361 160 1420 riosb
193 1301 346 1432 absolutus.
380 1358 587 1443 Carthaginem
622 1301 772 1423 delendam

78 1438 206 1501 censuit.
234 1438 299 1501 Post
320 1443 467 1525 odloginta
490 1463 579 1501 annos
598 1437 690 1501 filiunt
736 1463 771 1504 e·

79 1524 150 1582 nuit
162 1545 174 1594 3
195 1524 296 1606 imago
309 1519 411 1603 hujus,
429 1520 535 1591 funeris
548 1520 639 1606 grati&
655 1463 774 1604 prodisti

81 1603 170 1665 solet.
604 1602 607 1609 ’

126 1682 271 1745 XLVIII.
292 1683 455 1745 Hasdrubal
472 1685 556 1745 frater
570 1682 743 1746 Hannibalis
760 1732 773 1759 ,

82 1766 254 1849 ingentibus
266 1768 359 1846 =copiis
373 1769 403 1826 in
418 1767 532 1826 Italiam
544 1770 707 1845 transierit,
729 1790 775 1827 ac·

84 1863 209 1929 tumque
226 1847 260 1906 de
278 1847 412 1907 Romano
425 1847 548 1927 Imperio
565 1864 646 1919 etat,
668 1849 691 1906 si
708 1853 775 1926 jun-

107 1950 156 1987 ere
176 1927 206 1987 se
221 1928 380 1988 Hannibali
398 1925 535 2007 potuisset.
560 1926 616 1987 Sed
636 1927 775 1988 Claudius

85 1950 194 2079 Hero,
219 2010 316 2090 quiin
332 2008 438 2090 Apuliai
456 2030 522 2068 cum
539 2007 703 2068 Hannibale
721 2030 775 2070 ca·

85 2087 143 2150 stra
167 2094 374 2169 conjunxerat,
397 2088 493 2150 renat
511 2091 542 2148 in
560 2086 652 2150 castris
675 2109 775 2170 parte,

88 2191 158 2251 rum
177 2169 292 2232 deleslis
311 2169 348 2231 ad
367 2168 576 2230 Hasdrubalem
593 2174 775 2250 properavit,

89 2261 118 2312 &
141 2251 172 2312 se
195 2252 280 2311 Livio
297 2251 412 2335 collega
433 2250 507 2331 apud
519 2251 623 2311 Senam
639 2272 677 2331 op
698 2251 778 2313 idum

89 2341 118 2392 ὃ(
134 2333 304 2397 Metaurum
323 2333 429 2412 flumen
449 2334 615 2410 conjunxit,
635 2273 778 2415 amboque

88 2411 308 2474 Hasdrubalem
321 2413 456 2472 vicerunt.
478 2412 557 2472 Nero
576 2432 604 2471 re
626 2408 707 2472 tellus
721 2416 782 2493 pari

91 2494 258 2564 eeleritate,
277 2491 333 2575 qui
346 2492 479 2563 venerat,
494 2511 576 2572 caput
626 2491 781 2554 asdrubalis

18 2572 22 2647 l,
92 2595 159 2634 ante
180 2575 288 2634 vallum
305 2574 478 2634 Hannibalis
496 2574 621 2653 projecit.
646 2573 715 2650 Quo
733 2575 782 2634 ille

20 2650 21 2661 ¹
93 2654 156 2714 viso
171 2701 183 2725 ,
205 2656 284 2713 vinci
303 2652 331 2714 se
350 2652 474 2713 Fortun&
495 2650 680 2736 Carthaginis
706 2677 779 2714 con-

95 2732 187 2796 feffus.
212 2735 269 2794 Ob
285 2731 343 2794 haec
360 2734 457 2795 Livius
475 2731 675 2816 triumphans,
702 2735 781 2800 Nero

95 2836 208 2889 ovans,
229 2816 340 2878 Urbem
361 2816 535 2877 introierunt.
646 2895 660 2957 Ι
768 2888 773 2897 .
