2010 3616
208 221 342 292 Oltmo
365 220 653 291 Gauaislton.
709 245 769 312 135
895 250 898 261 ·

95 378 100 385 a
139 338 264 419 Illyricos
280 359 423 415 penetrare
445 343 551 421 sinus,
576 361 655 422 atque
677 346 778 405 intimo

183 439 263 481 tutus.
280 431 333 483 &n

97 524 194 601 Quare
221 545 314 586 autem
344 526 484 588 addiderit
508 545 609 599 tutus,
634 526 685 589 suo
711 528 778 591 loco

99 607 257 687 plenissime
277 611 474 668 annotavimus
494 611 529 669 in·
550 615 775 672 commentatio·

98 706 136 746 ne
150 733 162 757 ,
182 700 264 770 quam
276 686 332 747 hoc
350 686 470 749 scribere
482 693 617 770 coepimus
631 736 641 762 ,
662 692 780 773 cognitd

100 788 134 827 ex
153 789 187 827 eo
207 770 279 829 libro
292 814 301 841 ,
315 772 366 850 qui
376 767 525 851 inscriptus
537 768 576 829 est
587 816 596 843 ,
609 771 645 832 'de
657 756 779 857 Origine

100 849 241 910 Patavina
268 849 367 930 Itaque
391 871 498 921 nunt,
528 852 662 924 pamas,
688 875 722 913 ex
745 854 780 915 ed

121 952 211 1012 uoque
233 930 438 1008 significatione
460 930 523 1004 est,
544 933 560 992 ὲ
582 932 639 1014 qud
657 933 727 994 illud
749 939 779 996 in

100 952 222 1072 lecundo
241 1011 410 1084 AEneidos,
434 1012 468 1071 de
488 1017 698 1074 enumeratione
723 1037 777 1075 eo-

101 1113 182 1164 rum,
202 1096 252 1174 qui
261 1115 336 1174 equo
346 1093 437 1153 Durio
449 1093 478 1153 di
512 1093 683 1154 ediebantur.
699 1096 780 1157 Nam

101 1171 165 1233 calm
176 1173 341 1235 nominalllet
354 1115 561 1234 Thessandlum
572 1220 582 1246 ,
595 1173 780 1250 Sthenelum,

100 1252 248 1335 Ulyllem,
268 1255 448 1328 Acamanta,
469 1254 628 1325 Thoanta,
651 1255 780 1338 Neopto-

101 1337 227 1408 lemum3
241 1334 303 1417 post
323 1337 438 1407 intulit,
457 1336 615 1415 Primusque
628 1336 779 1400 Machaon.

102 1417 148 1477 De
168 1438 225 1498 quo
252 1421 339 1497 quaeri
363 1415 484 1497 potest,
509 1417 668 1495 Quomodo
691 1419 782 1500 potest

102 1497 214 1558 Primus
234 1499 318 1570 dici,
340 1496 403 1579 post
423 1516 516 1559 tantos
539 1501 588 1581 qui
609 1497 692 1580 supra
712 1501 781 1562 diei

102 1576 165 1640 sunt
192 1587 204 1638 ὶ
231 1578 340 1640 Veuim
366 1579 555 1663 intelligemus
579 1581 700 1656 primum
727 1602 782 1662 pro

101 1663 254 1742 principe,
280 1662 325 1721 vel
348 1664 416 1742 quia
442 1664 465 1722 is
484 1661 520 1721 ad
543 1661 700 1743 perftstum
723 1663 779 1727 illis

101 1743 275 1824 temporibus
303 1745 377 1801 circa
406 1744 535 1821 peritiam
565 1743 681 1804 medica
713 1745 780 1804 artis

91 1843 259 1964 pal-clleld
272 1819 563 1984 lllulldmdlplarsitum
585 1922 781 1977 revertamur,

101 1983 197 2044 ferunt
216 1983 356 2046 Creusam
402 1980 527 2043 rechthei
546 2029 554 2054 ,
579 1983 667 2068 Regis
685 1982 780 2045 Athe-

90 2069 261 2137 niensium,
281 2064 370 2126 filiam
390 2063 648 2145 speciosissimam,
669 2064 780 2148 stupra-

101 2166 163 2207 tam
183 2146 220 2206 ab
240 2147 372 2228 Apolline
394 2150 504 2206 enixam
523 2160 640 2227 puerum
660 2192 671 2216 ,
696 2168 779 2208 eum-

100 2249 158 2310 que
172 2225 300 2309 Delphos
309 2229 380 2288 olim
393 2225 573 2288 educandum
584 2223 635 2286 elle
647 2224 759 2290 millum
769 2275 782 2301 ‚

99 2332 110 2370 ι
128 2309 193 2370 sam
209 2307 279 2369 vead
292 2307 308 2369 *a
321 2328 416 2390 patre,
431 2306 546 2368 istarum
557 2328 650 2391 renam
663 2309 758 2370 nescio
769 2356 781 2379 ,

99 2332 217 2473 dipheo
228 2391 339 2451 cuidam
356 2388 455 2449 comiti
475 2388 653 2448 collocatam.
669 2390 713 2449 Ex
725 2388 783 2470 qud

100 2471 169 2532 olm
191 2474 238 2531 ille
259 2489 337 2552 patet
357 2492 416 2530 non
441 2467 528 2551 pollet
546 2467 683 2539 existere,
703 2470 780 2530 Del-

119 2551 175 2612 hos
194 2573 258 2613 eum
278 2544 382 2632 petiill'e
398 2551 438 2611 ad
457 2547 658 2610 consulendum
681 2570 784 2609 oracu-

100 2575 160 2775 la
174 2680 185 2704 ‚
200 2625 724 2775 quassaesessulae
737 2631 783 2772 ll

101 2735 394 2867 oppipmrppbfflet,
407 2760 473 2855 lum
489 2732 544 2854 slbl
559 2730 712 2875 adoluaret.
724 2792 783 2856 ltet-
