2056 3628
198 248 242 312 14
363 224 676 293 Eurrorrr

195 343 371 408 defensorem
389 344 530 424 pudiciriae
548 341 624 415 suae,
646 345 726 425 quari
747 363 881 406 comtum

169 490 171 493 ,
194 449 261 490 nem
275 447 400 507 patrem,
415 447 462 507 per
474 446 581 486 anuum
593 425 730 487 luxerunt.
744 427 878 488 Valerius

196 508 344 570 Publicola
358 508 489 588 Spurium
500 508 661 566 Lucretium
673 507 877 588 Tricipitinum

198 590 338 672 collegam
349 589 403 648 sibi
415 588 502 658 fecit,
519 588 655 647 Lucretia:
671 608 778 669 patrem
793 612 800 647 z
814 608 876 669 quo

198 671 301 730 morbo
321 690 434 730 mortuo
448 718 460 741 ,
482 672 583 729 iterum
598 669 753 730 Horatium
769 666 879 729 Pulvil-

198 753 259 812 lum
275 753 414 836 collegam
433 753 488 811 sibi
507 751 631 831 sumpsit.
649 751 693 810 Ita
709 753 813 832 primus
829 773 881 811 an·

199 855 251 894 nus
271 836 394 913 quinque
416 831 557 893 Consules
578 829 678 892 habuit
696 856 703 890 t
724 832 787 891 crim
807 831 881 891 Tar·

200 916 312 996 quinius
339 915 502 979 Collatinus
521 913 603 975 Urbe
628 910 749 973 cessiller
769 931 885 994 propter

201 1016 327 1067 nomeu,
344 996 442 1054 Brutus
460 995 553 1076 praelio
570 989 699 1073 perillet,
716 995 764 1075 Sp.
779 996 884 1054 Lucre·

202 1079 255 1139 rius
272 1077 374 1135 morbo
393 1096 517 1137 mortuus
533 1072 609 1135 esset.

223 1159 297 1223 .-Xl.
316 1157 446 1218 Secundo
465 1178 579 1238 quoque
595 1178 672 1216 anno
690 1155 791 1216 iterrim
806 1157 884 1218 Tar·-

222 1242 314 1299 uirrius
326 1285 335 1310 ,
349 1258 381 1298 ut
392 1240 556 1319 reciperetur
569 1240 599 1296 in
614 1259 733 1320 regnum
747 1283 756 1308 ,
773 1238 883 1297 bellum

200 1262 340 1379 Romanis
358 1321 472 1390 intulit,
493 1319 627 1379 auxilium
647 1321 674 1378 ei
693 1318 796 1378 ferente
815 1319 884 1377 Por·

202 1399 268 1461 seni
281 1398 392 1459 Tulciae
410 1420 476 1482 rege
497 1423 504 1457 r
521 1401 689 1460 &Romam
709 1401 779 1477 pene
798 1401 885 1479 cepit.

202 1479 311 1540 Verrim
328 1478 388 1539 uim
400 1500 513 1561 quoquc
526 1482 616 1539 viclus
630 1479 677 1538 est.
692 1481 792 1558 Tertip
805 1500 886 1539 anno

200 1559 263 1643 post
280 1576 360 1644 reges
377 1564 508 1631 crucior,
530 1560 723 1640 Tarquinius,
742 1558 807 1620 crim
822 1558 883 1620 sus-

202 1645 260 1722 cipi
279 1664 338 1701 non
358 1638 445 1720 pollet
462 1643 492 1700 in
506 1662 651 1724 reguum,
671 1662 762 1722 neque
778 1644 805 1700 ei
818 1643 889 1700 Por-
917 1711 920 1715 ¹

203 1721 293 1791 sena,
317 1725 367 1804 qui
388 1742 487 1802 pacem
508 1722 572 1780 cum
595 1723 732 1781 Romanis
757 1722 887 1794 fecerat,

203 1805 341 1864 auxilium
357 1800 492 1883 praestaret
504 1848 512 1873 ,
526 1800 683 1863 Tusculum
697 1801 725 1862 se
742 1803 888 1874 contulit3

204 1907 268 1965 quae
283 1886 380 1945 civitas
395 1906 453 1944 non
470 1885 557 1968 longe
574 1886 610 1944 ab
623 1885 703 1946 Urbe
720 1882 759 1942 est
776 1909 782 1942 ε
800 1904 889 1965 atque

173 1979 179 1987 “
202 1967 248 2024 ibi
266 1987 317 2045 per
337 1964 548 2047 quatuordecim
568 1984 657 2026 anuos
678 1968 799 2045 privatus
820 1986 886 2025 cum

205 2067 293 2106 uxore
314 2045 467 2105 consenuit.
493 2045 603 2121 Quarto
625 2068 701 2108 aurio
723 2045 785 2126 post
807 2062 888 2128 reges

203 2130 341 2198 exustos,
359 2124 421 2184 crim
441 2126 541 2186 Sabini
557 2127 696 2187 Romanis
713 2127 819 2186 bellum
835 2130 888 2187 in-

205 2204 347 2277 tulill'enr,
361 2209 430 2267 visti
443 2204 525 2279 sunt,
539 2208 612 2268 &de
626 2206 669 2269 his
682 2206 905 2288 triumphatum

208 2286 257 2350 est.
273 2289 384 2366 Quinto
403 2296 500 2360 anuo,
521 2289 652 2353 Valerius
671 2290 717 2348 ille
733 2288 813 2349 Bruti
831 2290 894 2348 col·

115 2390 117 2393 ’
147 2374 150 2380 ⁴
208 2371 294 2453 lega,
316 2379 344 2430 &
364 2368 494 2452 quartum
514 2369 646 2443 Consul,
667 2369 790 2431 fataliter
810 2388 892 2429 mor-

209 2470 272 2511 tuus
290 2448 330 2510 est
340 2474 350 2522 3
372 2450 444 2511 acleb
461 2473 586 2533 pauper,
603 2472 657 2524 ut,
676 2452 785 2512 collaris
802 2448 818 2510 ‘a
838 2469 893 2532 po'-

124 2582 128 2590 .
208 2532 277 2614 pulo
293 2535 417 2593 nummis
432 2579 441 2606 ,
462 2531 603 2614 sumptum
620 2532 750 2595 habuerit
762 2530 896 2613 sepultu-

208 2636 263 2755 ζ,
277 2635 362 2694 quem
376 2634 527 2688 matronae,
542 2618 623 2675 sicuti
635 2616 769 2685 Brutum,
783 2614 895 2674 annuum

242 2714 347 2755 rerunt.
878 2712 882 2721 '

252 2774 329 2836 XII.
350 2777 443 2839 Nouo
467 2799 545 2840 anuo
564 2775 627 2858 past
650 2796 728 2862 reges
755 2758 895 2850 &³³20ss
