1982 3614
204 201 306 284 .256
377 191 505 263 Atra.
536 195 757 264 Vrcron

234 315 384 395 imperium
412 317 574 397 cognovit,
597 319 712 394 praemia
732 314 849 395 amplum
870 317 895 375 in
965 326 966 389 j

234 395 354 455 modum
371 393 532 466 ostentans,
546 395 672 455 Romam
690 396 796 479 legatos
813 419 842 456 ac
860 398 898 455 lita
965 424 966 453 1

234 495 304 536 teras
324 474 527 547 destinaverat,
548 476 650 556 quibus
670 495 769 536 necato
786 498 819 536 eo
836 476 897 539 frus·
965 530 966 559 q

234 576 322 616 tratos
340 554 368 617 se
387 559 489 617 milites
503 557 697 697 cupiebantur,
716 579 801 640 genus
817 557 897 617 homi·

234 659 303 698 num
327 640 449 717 pecuniae
473 641 536 718 cupi
556 641 621 708 ius,
642 636 786 719 fidumque
805 661 835 698 ac
854 640 897 698 bor

232 740 302 778 num
327 715 388 777 solo
416 717 528 799 quaestu.
555 720 595 779 At
621 718 739 779 Senatus
763 738 896 789 metuens,

233 820 270 857 ne
286 799 369 871 nullis
390 800 542 860 redoribus
561 845 573 869 ,
595 796 686 880 specie
707 818 793 880 captae
812 801 896 869 urbis,
965 846 966 863 t

233 883 374 940 atrociora
406 880 595 948 acciderent,
623 881 717 960 primi>
747 879 897 960 potestatum

232 963 330 1030 vices,
352 983 420 1021 mox
446 959 609 1041 conscriptis
633 963 817 1039 junioribus,
838 962 897 1022 Clo

234 1039 313 1102 dium
329 1043 506 1122 Pupienum,
520 1040 669 1103 Caecilium
686 1043 833 1103 Balbinum
844 1041 899 1119 Cere¹
965 1106 966 1121 p

233 1120 307 1184 sares
327 1143 341 1180 c
362 1121 475 1182 nstituit.

274 1203 335 1264 XX
378 1203 422 1264 ΙΙ.
438 1202 597 1284 Iisdemque
611 1223 660 1283 per
673 1204 802 1263 Africam
815 1203 898 1264 diebus
965 1206 966 1269 ζ

233 1286 337 1345 milites
357 1285 536 1346 Gordianum
559 1284 708 1345 Gordiani
727 1283 837 1356 filium,
857 1285 897 1365 qui
965 1336 966 1343 ,

233 1363 307 1425 forte
333 1366 516 1426 contubernio
544 1368 628 1443 patris
651 1385 849 1445 praetextatus,
870 1385 896 1422 ac
965 1402 966 1441 3

233 1444 363 1527 deinceps
376 1446 525 1507 Praefedtus
537 1445 669 1504 Praetorio
689 1448 837 1517 intererat,
850 1446 897 1504 Au·
965 1456 966 1507 l

231 1523 344 1665 pullum
365 1529 492 1587 creavere
509 1550 519 1598 3
537 1548 629 1606 neque
648 1524 715 1587 sane
739 1527 839 1587 fabium
856 1547 896 1584 no
965 1578 966 1581 ,

253 1608 325 1667 ilitas
342 1608 493 1688 aspernata.
508 1608 639 1689 Denique
654 1612 746 1668 accito
766 1630 820 1677 eo,
837 1610 896 1666 inter
965 1606 966 1637 ³

233 1687 359 1768 implana
382 1689 469 1750 Urbis
494 1709 577 1770 atque
605 1686 667 1768 ipso
691 1693 754 1749 sinu
775 1690 896 1748 Ptaetoriae

232 1789 332 1830 manus
353 1771 413 1829 acie
432 1769 528 1830 deletae
549 1790 596 1850 per
619 1769 809 1852 gladiatorum
828 1768 899 1828 fami·

232 1849 316 1921 lias,
345 1853 525 1932 tironumque
558 1853 718 1911 exercitum.
746 1852 823 1910 Dum
850 1846 897 1908 haec

232 1929 333 1991 Romae
356 1951 513 2014 geruntur,
541 1931 610 1991 Julii
636 1932 815 2001 Maximini,
838 1948 897 2011 quos

233 2010 308 2071 forte
324 2010 357 2072 eb
376 2011 536 2093 tempestate
556 2010 679 2071 Thracia
692 2013 844 2080 retinebat,
862 2030 898 2068 ac·
965 2010 966 2085 p

233 2095 319 2171 ceptis
337 2115 398 2170 quae
415 2112 585 2162 evenerant,
607 2093 721 2153 ltaliam
740 2092 849 2173 propere
860 2110 896 2170 pe·

233 2190 305 2233 tunt.
323 2173 382 2234 Eos
398 2175 535 2256 Pupienus
550 2174 660 2254 Aquilae
679 2174 826 2234 obsidione
838 2193 895 2231 con·
965 2216 966 2239 ἶ

233 2252 325 2323 fecit,
345 2253 491 2337 postquam
507 2255 605 2334 praelio
622 2257 713 2314 vidos
731 2256 828 2335 reliqui
843 2273 897 2333 pau·
965 2320 966 2329 χ

233 2335 314 2395 latim
327 2334 510 2396 deseruerant.
525 2336 640 2395 Horum
656 2338 775 2416 imperio
789 2335 823 2394 ad
833 2335 896 2393 bien·

234 2419 313 2476 nium
324 2438 372 2497 per
389 2416 551 2497 hujusmodi
567 2438 661 2476 moras
676 2439 765 2477 annus
775 2417 896 2497 quaesitus.
965 2452 966 2455 =

194 2541 197 2549 «
234 2497 338 2578 Neque
372 2499 462 2558 multo
495 2496 557 2578 post
592 2498 715 2558 tumultu
749 2499 894 2558 militarium

153 2582 156 2583 ⁷
234 2574 342 2639 Clodio
366 2578 540 2661 Caecilioque
557 2576 658 2638 Romae
680 2581 755 2638 intra
773 2578 895 2639 Palatium

236 2662 336 2729 caesis,
357 2660 521 2721 Gordianus
541 2658 616 2719 solus
637 2681 757 2742 regnum
780 2656 899 2717 obtinuit.
965 2682 966 2691 ¹

235 2737 336 2822 quue
358 2763 433 2802 atino
453 2740 529 2803 lustri
547 2759 724 2810 certamine,
740 2739 816 2822 quod
829 2737 895 2819 Nem
