1972 3624
242 267 309 351 33⁶
356 257 482 327 Aur.
511 258 792 327 Vrcrours

238 380 288 440 set.
307 378 399 458 Hujus
418 397 508 437 morte
529 375 665 470 cogniti,
685 377 822 436 Vetranio
843 395 901 435 ma·

234 453 240 460 ’
260 460 322 521 ister
335 461 457 520 militum
471 459 624 537 Imperium
638 460 668 516 in
681 455 827 517 Pannonii
837 455 902 536 apud

236 482 380 602 {inuiam
395 543 545 618 corripuit,
558 560 644 619 quem
662 536 842 599 Constantius
852 558 903 596 non

239 621 301 703 post
325 621 429 681 multos
453 619 512 680 dies
535 639 624 759 reparo
642 620 741 690 exuit,
763 618 903 701 grandaevae

239 704 313 764 atati
334 724 394 762 non
405 703 499 760 ‘vitam
516 721 565 760 mo
586 699 627 770 ὸ,
649 697 697 759 sed
713 701 798 758 etiarn
814 699 904 777 volup·

238 785 339 842 tatium
351 784 443 841 otium
459 781 622 841 concedens.
636 780 702 839 Fuit
719 800 812 839 autem
828 798 904 859 propt
958 776 961 781 ’

237 863 276 925 ad
293 861 437 923 stultitiam
457 862 684 941 simplicissimus.

280 942 373 1004 XLII.
395 940 578 1005 Constantius
600 941 717 1002 Gallum
738 941 848 1002 fratrem
859 960 903 1020 pt·

238 1025 355 1086 truelem
383 1021 525 1084 Caesarem
558 1025 753 1102 pronunciat,
790 1020 904 1082 sororem

143 1158 150 1167 ,
239 1105 458 1168 Constantinam
486 1104 529 1162 iili
557 1108 740 1186 conjungens.
766 1104 902 1195 Magnen-

239 1189 294 1247 tius
327 1207 440 1268 quoque
473 1186 643 1245 Decentium
676 1181 904 1266 consanguineum
965 1250 966 1259 χ

236 1267 322 1345 ,suum
347 1286 424 1326 trans
448 1266 534 1344 Alpes
559 1263 702 1325 Caesarem
724 1267 835 1325 creavit.
859 1263 906 1323 His
965 1274 966 1283 ¹

240 1349 338 1409 diebus
355 1344 454 1406 Romae
476 1346 652 1424 Nepotianus
673 1346 814 1426 Eutropia
832 1344 906 1406 Con·
965 1340 966 1401 j

233 1429 353 1509 'stanrini
377 1426 480 1487 sororis
503 1425 595 1498 filius,
622 1423 796 1486 hortantibus
818 1425 903 1505 perdi·

239 1512 301 1581 tis,
322 1507 443 1591 Augusti
463 1529 568 1568 nomen
598 1508 672 1586 rapit
692 1529 702 1578 3
726 1528 790 1567 eum
814 1506 905 1565 ottavo

238 1591 286 1667 die
321 1591 512 1672 vicesimoque
551 1588 736 1670 Magnentius
774 1590 905 1668 oppressit

238 1671 305 1732 Hoc
332 1690 456 1749 tempore
478 1668 659 1730 Constantius
679 1690 744 1728 cum
767 1671 905 1751 Magnen-

239 1754 281 1812 tio
303 1750 375 1832 apud
393 1751 533 1810 Mursiam
551 1749 689 1810 dimicans
706 1753 783 1811 vicit.
803 1750 837 1809 ln
857 1768 905 1829 quo

237 1833 316 1892 bello
349 1833 419 1912 peni
449 1829 589 1914 nusquam
626 1831 745 1911 amplius
780 1831 905 1899 Romana

240 1911 411 1993 consumptae
436 1910 499 1971 sunt
521 1915 616 1981 vires,
641 1909 782 1993 totiusque
803 1911 907 1990 Imperii

239 1995 354 2056 fortuna
372 1989 553 2073 peffumdata.
575 1989 689 2053 Dehinc
711 1992 774 2052 crim
797 1991 825 2051 [e
844 1991 905 2050 Ma·

237 2076 370 2169 guentius
392 2077 422 2132 in
442 2072 553 2132 Italiam
578 2070 739 2152 recepisset,
765 2074 838 2154 apud
857 2072 905 2130 Ti·

238 2160 335 2231 ainum
357 2154 446 2234 plures
466 2152 540 2212 fudit
551 2174 561 2223 3
582 2153 742 2224 incautius,
768 2163 814 2225 &,
837 2173 864 2214 ut
881 2153 904 2208 in

238 2233 357 2311 pistorii
373 2233 464 2305 solet,
486 2233 616 2294 audacitis
634 2233 836 2316 persequentes.
854 2233 906 2293 Nec

240 2313 332 2379 multo
362 2313 423 2395 post
452 2315 526 2394 apud
547 2314 719 2399 Lugdunum
748 2312 905 2399 coangusta·
964 2330 965 2337 ’

238 2420 306 2473 ως,
327 2396 423 2479 gladio
442 2397 552 2458 occulti
574 2395 708 2477 proviso,
730 2396 817 2457 ibium
839 2392 908 2477 pulsu
964 2394 965 2415 ³

241 2482 353 2563 parietis
375 2483 497 2556 juvans,
518 2475 664 2537 transfoffo
688 2480 795 2549 latere,
816 2499 844 2538 ut
859 2493 909 2534 erat

243 2561 313 2623 vasti
333 2562 479 2638 corporis,
503 2557 616 2618 vulnere
639 2556 808 2640 naribusque
826 2569 850 2620 δι
868 2575 909 2616 ore
964 2576 965 2597 1

186 2646 188 2652 ’
241 2662 369 2703 cruorem
396 2637 560 2709 effundens,
583 2638 679 2699 mense
704 2641 817 2720 imperii
842 2658 907 2720 qua·
964 2642 965 2667 ³

241 2723 404 2805 dragesimo
430 2718 580 2789 secundo,
614 2723 702 2798 atatis
733 2742 810 2780 anno
836 2737 909 2799 prope

242 2805 500 2889 quinquagesimo,
524 2798 681 2881 exspiravit.
710 2799 798 2863 Ortus
819 2821 911 2881 paren-

847 2881 911 2941 tibus
