2056 3628
323 269 508 338 Lruru
558 271 589 339 I.
755 294 796 364 ¹5

115 387 181 448 edm
200 407 286 472 gener
302 387 479 468 Tarquinii,
497 388 533 449 ad
552 389 685 468 injurium
706 386 802 453 soceri

115 469 341 539 vindicandam,
361 471 505 551 ingentem
525 468 679 553 collegisset
699 478 803 534 exerti,

116 570 179 610 tum
192 597 205 621 ,
233 572 310 611 nova
337 550 440 611 Romae
465 550 587 632 dignitas
617 549 656 610 est
683 573 800 628 creata,

138 652 180 691 uae
206 633 356 692 Didkatura
387 631 564 712 appellatur,
592 638 685 711 major
713 635 801 715 qu‘arn

148 710 303 772 onsulatus.
328 711 441 772 Eodem
460 722 536 773 enno
559 714 645 772 etiarn
664 714 802 798 Magister

116 793 258 874 Equitum
280 793 371 853 sadlus
395 790 457 863 est,
481 796 532 874 qui
553 794 695 855 Distawri
715 796 802 856 obse-

140 894 257 934 ueretur.
277 874 325 934 Ne
347 873 552 955 nequidquam
571 876 690 937 similius
712 876 802 955 potest

118 896 203 1027 dici,
225 953 311 1036 quini
326 896 477 1019 bidiatura
500 956 640 1036 antiqua,
663 954 728 1016 huic
746 960 804 1018 im÷

119 1037 192 1117 petit
216 1034 369 1117 potestati,
394 1057 480 1117 quum
502 1057 576 1097 nunt
597 1036 804 1118 Tranquillitas

119 1115 210 1176 uestra
224 1115 310 1177 habet
328 1140 336 1175 ι
353 1118 477 1176 maxime
494 1116 558 1177 crim
569 1116 711 1200 Augustus
728 1141 805 1199 quo-

118 1218 178 1280 que
194 1197 391 1269 Odiavianus‚
412 1197 446 1257 de
464 1220 523 1279 quo
542 1197 637 1278 postea
654 1199 779 1260 dicemus
792 1246 805 1272 ,

119 1289 149 1340 &
164 1297 229 1339 ante
243 1301 307 1339 eum
321 1325 333 1349 ,
347 1278 436 1347 Caius
449 1278 547 1340 Caesar
560 1324 571 1348 ,
586 1276 637 1339 sub
650 1279 806 1340 Dictaturae
878 1325 882 1333 .

119 1362 241 1421 nomine
260 1380 344 1442 atque
364 1357 473 1419 honore
492 1361 678 1442 regnaverint.
701 1354 805 1421 Dicea-

122 1461 171 1501 tor
194 1461 290 1500 autem
318 1441 419 1501 Romae
441 1442 546 1520 primus
573 1439 627 1500 fuit
656 1442 805 1501 Larcius:

120 1518 262 1663 quister
273 1521 410 1600 Equitum
423 1523 541 1600 primus,
554 1521 667 1600 Spurius
678 1522 806 1584 cassius.

205 1601 278 1662 ΙΙΙ.
298 1602 384 1662 Sexto
409 1601 522 1662 decimo
543 1624 619 1661 anuo
643 1601 709 1682 post·
725 1624 808 1696 reges

122 1686 261 1754 exustos,
281 1679 447 1742 seditionem
464 1683 582 1763 populus
597 1684 698 1742 Romae
715 1682 807 1755 fecit,
880 1746 886 1751 ,

122 1785 263 1847 tanquam
282 1761 298 1822 ‘a
316 1764 421 1825 Senatu
441 1783 524 1844 atque
545 1761 719 1824 Consulibus
737 1784 805 1844 pre·

122 1866 255 1905 meretur.
269 1844 346 1904 Trim
360 1855 387 1906 &
401 1842 459 1923 ipse
472 1846 527 1904 tibi
539 1843 683 1904 Tribunos
693 1845 809 1915 Plebis,

124 1928 208 2008 quasi
225 1919 470 2006 proptios'iudices
486 1934 514 1985 ὃ(
533 1923 692 1985 defensores
703 1970 717 1995 ,
734 1945 812 1985 crea-

122 2009 168 2067 vit
181 2030 191 2077 ;
214 2028 262 2088 per
274 2027 345 2088 quos
365 2025 462 2069 contra
473 2006 655 2068 Senamm‘&
666 2003 811 2067 consules

122 2108 200 2148 tutus
219 2085 271 2147 else
289 2083 387 2168 posset.

169 2168 265 2230 XIV.
286 2169 421 2250 Sequenti
434 2191 510 2229 anno
522 2167 625 2230 Volsci
639 2188 736 2229 contra
749 2168 811 2228 Ro-

123 2270 230 2311 manos
245 2249 350 2311 bellum
363 2269 584 2330 reparaverunt,
599 2258 627 2308 ὃ(
639 2251 708 2311 vitei
727 2251 806 2320 acie,

124 2335 215 2392 etiam
230 2330 364 2392 Coriolos
377 2333 542 2401 civitatem,
563 2351 650 2412 quam
663 2327 812 2393 habebant

124 2415 294 2494 optimam,
318 2412 516 2492 perdiderunt.»
789 2450 795 2469 2

170 2493 245 2553 XV.
268 2493 517 2555 Ostorio-decimo
531 2516 610 2567 auno
628 2491 690 2572 post
707 2494 813 2568 eleetos·

124 2595 208 2657 reges
227 2573 355 2655 expulsus
370 2596 404 2634 ex
414 2575 495 2636 Urbe
511 2567 646 2650 Quintius
660 2573 811 2642 Marem,

128 2656 187 2715 dux
204 2655 427 2727 Romanorum,
449 2659 498 2736 qui
518 2654 654 2716 Coriolos
676 2671 812 2731 ceperatr,

126 2734 304 2797 Volscorum
331 2739 498 2808 civitatem,
524 2735 562 2797 ad
588 2732 664 2816 ipsos
686 2732 813 2795 Volscos

126 2818 278 2881 contendit
288 2820 376 2883 iratus
383 2842 396 2894 3.
405 2818 548 2883 &auxilia
557 2835 653 2883 contre
661 2815 814 2879 Ronanus
