1982 3614
204 234 641 303 nnCAEsAmur.
693 256 762 322 237

75 352 266 412 clementiam
293 352 452 420 simulans,
478 371 568 432 neque
597 349 668 411 adeo
693 353 765 413 iners

77 433 188 504 domi,
213 426 345 513 belloque
361 433 523 491 tolerantior
539 431 694 493 videbatur.
717 433 772 492 Id·-

80 515 219 595 circoque
230 514 319 572 Dacis
333 522 359 573 &
371 512 521 573 Cattorum
533 535 619 574 manu
634 515 766 586 devietis,

77 595 283 674 Septembrem
303 593 514 674 Odiobtemque
535 592 664 666 menses,
689 595 767 655 Get-

79 677 196 734 manici
222 673 414 753 superiorem,
439 674 454 732 ὲ
478 672 528 733 suo
553 679 670 769 pomine
694 677 769 735 alte-

79 777 144 815 rum
176 756 365 835 appellaverat
393 779 400 812 :
433 756 576 835 multaque
609 777 692 836 opera
719 760 768 816 in-

83 835 196 896 choata
213 856 261 915 pet
276 855 405 915 patrem,
425 837 471 894 vel
486 835 576 895 fratris
592 835 707 907 studio,
728 858 773 898 at-

83 939 142 999 que
161 918 193 975 in
208 918 305 995 primis
318 912 495 996 Capitolium
512 916 641 978 absolvit.
659 916 773 978 Dehinc
828 940 831 944 ’

83 1019 174 1059 atrox
203 996 324 1056 caedibus
347 997 509 1068 bonorum,
537 996 684 1081 segnisque
704 1000 774 1059 ridi-

86 1080 152 1138 cule
167 1124 179 1148 ,
201 1079 317 1136 remotis
336 1079 432 1157 procul
445 1078 596 1149 omnibus,
616 1078 776 1140 muscarum

86 1161 215 1255 agmina
235 1156 472 1238 persequebatur,
494 1155 641 1239 postquam
659 1160 695 1220 ad
713 1161 778 1220 libi·

88 1241 194 1301 dinem
219 1240 310 1298 miuus
330 1241 433 1299 vitium
457 1258 539 1309 erat,
569 1244 646 1317 cujus
668 1239 777 1302 foedum

88 1322 260 1381 exercitium
283 1320 446 1380 Graecotum
470 1321 567 1402 lingua
590 1321 779 1396 ultrondltqr

89 1402 243 1471 vocabat3
264 1397 385 1480 hincque
399 1405 527 1479 jocorum
541 1402 670 1481 pleraque
685 1426 692 1460 τ
709 1425 778 1463 nam

89 1483 293 1564 percuudlanti
310 1481 445 1550 cuidam,
465 1479 660 1562 Quisquamne
680 1486 710 1544 in
727 1486 780 1545 Pa·

92 1565 171 1624 latio
198 1558 284 1632 esset,
307 1559 470 1640 responsum
493 1563 569 1622 :Ne
592 1563 687 1624 musca
712 1569 780 1647 qui-

93 1646 191 1714 dem,
216 1644 271 1702 nisi
291 1640 458 1722 forrenpud
475 1642 637 1721 palaestram.
665 1647 693 1707 Is
715 1667 783 1730 ergo

94 1727 196 1807 magis
226 1721 372 1805 magisque
401 1722 506 1783 saevitid
529 1727 662 1797 nimius,
693 1746 790 1808 eoque·

97 1804 260 1886 suspeetior
273 1806 357 1862 etiam
374 1801 449 1873 suis,
467 1804 630 1863 libertorum
649 1807 785 1879 consilio,

98 1907 192 1947 uxore
210 1907 269 1943 non
288 1883 406 1966 ignari,
422 1905 483 1963 quae
501 1905 627 1947 amorem
646 1883 787 1948 histrionis

98 1971 169 2030 viro
202 1965 378 2046 praemetet,
403 1984 500 2044 poenas
527 1965 603 2037 luit,
629 1968 729 2046 quinto
759 1978 788 2029 &

101 2047 327 2130 quadragesimo
341 2066 417 2104 anno
430 2046 508 2113 vite,
523 2044 726 2108 dominationis
738 2052 790 2109 cit-

103 2133 178 2191 citet
194 2125 417 2208 quintodecimo.
436 2131 476 2186 At
493 2126 609 2189 Senatus
626 2129 791 2211 gladiatoris

107 2230 192 2271 more
217 2206 299 2266 sunus
321 2206 415 2277 ferri,
447 2205 656 2289 radendumque
685 2231 791 2271 nomeu

109 2291 247 2352 decrevit.
266 2289 333 2364 Quo
351 2288 424 2350 moti
439 2288 562 2358 milites,
584 2292 685 2369 quibus
703 2294 793 2370 priva·

111 2393 149 2433 tae
169 2369 387 2449 commeditates
400 2366 548 2448 dispendio·
565 2371 677 2449 publico
692 2369 796 2452 largitis

117 2450 299 2533 procedunt,
327 2452 451 2508 austures
471 2451 546 2508 necis
569 2450 606 2509 ad
631 2448 796 2530 supplicium

47 2565 51 2571 ·
117 2552 239 2614 petere,
264 2549 342 2588 more
368 2528 418 2588 suo
447 2527 624 2599 seditiositis,
648 2551 797 2668 coeperunt.

119 2614 186 2689 Qui
201 2613 249 2673 vix
269 2610 395 2693 aegreque
419 2631 466 2689 per
489 2609 634 2690 prudentes
657 2632 690 2668 co
712 2612 774 2671 ibiti
789 2660 809 2685 ,.

121 2692 241 2753 tandem
257 2692 287 2750 in
307 2692 426 2774 gratiam
440 2690 621 2771 Optimatum
638 2695 800 2760 convenere.

123 2775 229 2856 Neque
246 2773 338 2834 minus
359 2792 407 2853 per
424 2769 451 2835 se
468 2772 655 2839 moliebantur
675 2774 802 2848 bellum,
