1982 3614
213 175 344 282 ⁸208.
388 209 763 283 Aun.Vrcrorr

240 329 287 391 sed
308 330 473 412 eloquentiae
496 330 659 403 consultus,
684 355 717 392 ex
738 332 772 393 ei
793 330 902 417 gloriam
973 344 974 347 ’

239 414 353 493 peperit.
370 411 465 471 Primo
478 414 508 472 in
519 412 657 491 Hispania
671 417 840 475 corniculum
853 437 902 473 me·

240 497 295 552 ruit
310 516 319 562 3
339 492 390 551 sub
408 491 505 554 Oreste
522 495 553 552 in
566 493 696 554 Sardinia
716 493 847 576 stipendia
865 495 902 554 st·

240 575 287 632 cit.
305 572 434 644 AEdilis,
455 577 510 652 juri
528 574 671 634 reddendo
690 579 806 658 magis,
827 574 900 673 quim

240 656 352 712 muneri
364 654 475 714 edendo
487 653 599 714 studuit.
613 657 717 716 Praetor
731 657 854 717 adversus
862 658 903 717 Ju⁴

240 731 373 814 gurtham
390 754 485 795 tamen
500 740 558 813 ejus
574 736 692 816 pecuniis
706 739 803 797 vidius.
826 738 900 798 Con⁴

238 811 282 873 sul
306 817 398 897 legem
423 816 464 876 de
490 814 645 895 sumptibus
668 827 699 877 Bc
722 819 899 877 libertinorum

238 891 377 978 suffragiis
391 898 462 956 tulit.
478 898 508 956 P.
523 898 645 957 Decium
658 899 808 957 Praetorem
825 895 900 958 traus-

240 995 321 1035 eunte
337 979 347 1035 i
367 975 398 1035 so
414 977 578 1047 sedentem,
599 981 679 1056 jussit
698 976 850 1062 assurgere,
867 980 900 1037 ei-

239 1078 294 1137 que
306 998 410 1118 vesiem
424 1057 521 1127 scidit,
537 1059 634 1119 sellam
648 1059 790 1130 concidit3
805 1062 901 1140 nequis
974 1074 975 1135 j

240 1138 277 1198 ad
294 1160 360 1198 eum
379 1142 409 1198 in
427 1145 469 1217 jus
485 1141 537 1198 iret
549 1185 559 1211 ,
573 1139 678 1200 edixit.
696 1140 807 1201 Consul
822 1142 903 1223 Ligu·
974 1144 975 1149 ’

214 1247 218 1257 ¹
239 1239 284 1279 res
312 1229 339 1280 &
365 1212 525 1280 Ganriscos⁸
543 1220 678 1292 domuit,
705 1241 788 1302 atque
814 1223 846 1281 de
868 1219 906 1280 his

239 1298 431 1381 triumphavit.
452 1299 564 1361 Censor
581 1302 659 1359 viam
676 1301 828 1362 AEmiliam
847 1299 907 1360 stra·

238 1381 302 1450 νῆές
331 1402 445 1461 pontem
466 1382 609 1440 Mulvium
634 1381 708 1442 fecit.
735 1381 907 1463 Tantumque

239 1464 404 1520 austoritate
433 1466 554 1543 potuit,
582 1482 613 1521 ut
641 1462 792 1543 Opimium
820 1484 906 1522 contra
973 1464 975 1475 ’

239 1539 427 1610 Gracchum,
451 1544 576 1602 Marium
600 1561 696 1603 contra
715 1543 864 1603 Glauciam
884 1552 908 1602 δι

239 1619 420 1682 Saturninum
438 1626 547 1702 privato
563 1624 681 1683 consilio
700 1645 828 1684 armaret.
838 1625 908 1685 Idem

239 1699 331 1761 filium
354 1701 457 1774 suum,
479 1708 546 1785 quia
564 1703 721 1785 presidium
741 1704 908 1776 deseruerat,

239 1784 271 1842 in
294 1781 474 1863 conspesium
496 1783 576 1845 suum
595 1787 684 1845 vetuit
705 1786 844 1845 accedere.
864 1786 909 1844 lue

240 1864 279 1923 ob
310 1863 365 1924 hoc
395 1865 514 1926 dedecus
545 1886 665 1925 mortem
691 1867 746 1925 sibi
773 1864 910 1927 conscivit.

241 1946 358 2006 Scaurus
373 1944 475 2018 senex,
494 1947 558 2006 crim
579 1945 595 2006 *a
609 1948 698 2005 Vario
711 1946 843 2007 Tribuno
858 1947 912 2027 ple·
975 1954 976 1961 ’

241 2026 285 2085 bis
300 2046 480 2109 argueretur,
499 2029 579 2109 quasi
598 2026 689 2087 socios
707 2036 734 2088 δι
748 2029 862 2088 Latium
879 2025 911 2086 ad

240 2127 319 2168 arma
338 2105 493 2191 coegisset,
514 2107 588 2186 apud
603 2108 758 2189 populum,
779 2112 821 2168 ait
835 2132 841 2165 :
857 2109 911 2167 Va·

239 2188 297 2247 rius
307 2189 486 2250 Sucronensis
498 2189 652 2249 AEmilium
666 2190 801 2249 Scaurum
821 2191 861 2249 ait
874 2186 911 2247 so·

240 2270 300 2327 cios
330 2270 367 2328 ad
394 2282 472 2330 arma
497 2266 641 2352 codgiffe,
665 2267 783 2330 Scaurus
809 2290 911 2353 negat,

242 2352 297 2410 utri
314 2348 405 2429 potiris
422 2352 590 2411 credendum
603 2352 731 2432 putatis?

281 2431 416 2492 LXXIII.
437 2434 540 2493 Lucius
558 2433 710 2511 Appuleius
729 2432 914 2501 Saturninus,

149 2530 152 2543 ·
240 2510 385 2574 Tribunus
398 2515 487 2594 plebis
502 2510 648 2574 seditiosus
660 2557 670 2584 ,
681 2531 714 2571 ut
726 2515 849 2594 graciam
859 2511 916 2572 Ma-

241 2596 384 2655 rianorum
398 2598 520 2655 militum
537 2612 665 2674 pararet,
681 2594 773 2687 legem
788 2594 872 2662 tulit,
889 2606 916 2648 ut

242 2679 378 2735 veteranis
392 2696 507 2737 centena
522 2678 584 2757 agri
600 2679 696 2756 jugera
716 2693 745 2732 rn
765 2671 864 2732 Africi
875 2671 917 2728 di·

242 2756 400 2818 viderentur
418 2780 428 2828 3
449 2756 667 2819 intercedentem
680 2754 809 2819 Barbium
832 2753 915 2814 colle·
