2056 3628
234 287 279 355 28
415 280 734 350 EUTuoetr
798 348 801 354 Α

235 398 380 481 vietusque
397 398 457 462 est:
474 419 542 460 natu
558 398 672 478 perditis
690 397 834 480 sexaginta
849 419 920 480 qua·

237 501 300 544 tuot
322 481 466 551 navibus,
489 498 563 539 retro
585 477 614 539 se
627 527 629 535 ,
641 482 743 560 recepit
763 502 769 537 τ
791 479 919 540 Romani

233 563 340 645 ,viginti
360 560 428 621 duas
447 559 608 623 amiserunt.
628 559 765 640 Sedecim
785 561 814 619 in
832 560 917 623 Afri-

237 663 300 703 cam
323 639 500 712 transillent,
520 644 642 722 primam
655 641 798 722 Clypeam
813 641 920 702 Africae

238 725 383 784 civitatem
401 726 432 784 iu
451 722 625 782 deditionem
645 741 817 802 acceperunt.
834 722 921 783 Con«

238 803 310 867 sules
330 804 417 887 usque
435 804 471 864 atl
488 801 700 887 Carthaginem
715 800 920 883 procellerunt:

239 885 392 969 multisque
411 883 524 947 vastatis
543 885 671 947 Manlius
685 886 775 948 vietor
792 884 921 948 Romam

239 966 346 1039 rediit,
369 977 396 1039 ὅ(
419 967 525 1050 viginti
546 962 652 1046 septem
675 965 765 1027 millia
786 967 920 1046 captivo-

239 1069 303 1108 rum
329 1048 447 1109 reduxit.
476 1046 591 1110 Attilius
615 1046 740 1130 Regulus
767 1047 797 1106 in
821 1044 922 1111 Afric&

240 1132 384 1192 remansit.
403 1129 430 1188 Is
444 1148 541 1188 contra
556 1125 641 1188 Afros
661 1129 751 1188 aciem
771 1124 922 1187 instruxit:

242 1231 340 1271 contra
360 1229 413 1269 tres
429 1206 709 1291 Carthaginiensium
729 1209 812 1268 duces
829 1208 920 1275 diniss

242 1313 311 1353 cans
330 1294 421 1351 vilior
439 1289 513 1350 fuit:
530 1293 620 1349 octo·
631 1290 723 1349 decim
736 1290 827 1349 millia
849 1287 922 1351 hos-

241 1375 314 1432 tium
335 1371 459 1441 cecidit,
481 1373 605 1452 quinque
625 1371 716 1431 millia
738 1392 803 1430 cum
824 1371 924 1431 decem

179 1474 182 1479 ’
244 1463 273 1514 &
289 1449 529 1532 oetoyelephantis
547 1453 620 1531 cepit
635 1476 642 1510 ι
657 1451 834 1531 septuaginta
851 1474 925 1532 qua·

244 1553 308 1593 tuot
327 1535 452 1592 civitates
475 1533 504 1593 in
518 1530 603 1593 fidem
622 1535 738 1612 accepit.
756 1531 834 1592 Ttlm
855 1535 927 1593 vicli

243 1610 499 1697 Carthaginienses·
518 1633 616 1693 pacem
637 1613 654 1672 ὲ
673 1612 811 1680 Romanis
830 1617 925 1694 petie-

244 1715 309 1760 runt
334 1719 340 1759 t
365 1715 453 1776 quam
484 1691 548 1758 cum
576 1693 702 1778 Regulus
731 1695 843 1765 nollet,
869 1697 927 1756 nisi

245 1776 398 1837 durissimis
411 1773 642 1847 conditionibus,
662 1774 747 1847 dare,
766 1774 830 1836 Afri
848 1778 929 1837 auxi·
970 1806 972 1811 ·

239 1857 353 1936 vlium'a
379 1856 601 1922 Lacedaemoniis
625 1858 783 1937 petierunt:
804 1865 832 1917 δι
854 1857 928 1917 duce
970 1919 973 1922 ,

245 1939 335 2002 Xanti
356 1960 392 2018 po
405 1983 414 2010 ,
434 1939 484 2020 qui
497 1936 749 1999 &Lacedaemoniis
761 1933 855 1998 mislus
868 1938 929 1998 fue-

245 2039 312 2091 rat,
333 1959 531 2079 Romanorum
555 2017 611 2078 dux
631 2018 757 2102 Regulus
776 2021 866 2079 villus
888 2017 929 2079 est

246 2097 349 2160 ultim&
362 2101 483 2181 pemieie
495 2122 505 2170 3
523 2119 589 2161 nam
604 2098 661 2159 duo
673 2101 765 2160 millia
776 2098 929 2163 hominum

246 2179 358 2241 tannim
380 2182 507 2243 exomni
524 2180 658 2245 Romano
676 2182 796 2249 exercitu
815 2202 932 2241 reman-

247 2261 364 2332 setuntt
380 2263 530 2344 quingenti
549 2283 612 2321 cum
630 2262 800 2343 Imperatore
815 2263 933 2345 Regulo

250 2344 326 2486 capti
341 2340 405 2402 sunt
420 2345 556 2426 :triginta
574 2343 663 2404 millia
679 2346 788 2404 occisi:
803 2343 935 2428 Regulus

248 2428 307 2508 ipe
325 2427 356 2484 in
372 2443 484 2484 catenas
501 2428 649 2504 conjectus.
898 2443 900 2447 ’

288 2505 399 2567 ΧΧΙῙ.
420 2505 523 2564 Marco
544 2505 670 2565 AEmilio
695 2506 810 2578 Paulo,
831 2505 933 2571 Servio

248 2590 349 2654 Fulvio
371 2587 522 2647 Nobiliore
543 2586 739 2658 Consulibus,
764 2586 851 2646 ambo
868 2588 935 2648 Ro-

163 2664 168 2675 '
249 2673 329 2729 mani
347 2667 474 2736 consules
494 2667 532 2752 ad
546 2666 674 2730 Africam
695 2667 815 2747 profecli
837 2667 935 2743 sunt,

222 2767 224 2773 '
250 2771 315 2811 cum
336 2768 520 2813 trecentarum
539 2752 657 2809 navium
677 2746 757 2813 classe
779 2773 786 2809 t
808 2750 936 2825 primtim

251 2829 336 2894 Afros
355 2831 451 2893 navali
469 2832 621 2892 certamine
635 2830 776 2914 superant.-
792 2830 937 2894 AEmilius
1017 2894 1018 2903 ,
