2056 3628
201 237 249 303 44
384 212 702 300 Eunnontt

199 333 269 404 bus,
290 352 356 411 quas
369 325 490 392 Romani
505 319 598 392 contra
611 356 670 392 eum
681 328 884 411 deffindtrnntj
936 374 939 381 ι
1015 356 1016 363 ’

102 454 107 463 x
201 413 300 484 bellum
321 414 433 492 inferta
452 439 462 472 .·
481 431 511 471 ut
533 417 657 488 captivos
680 411 884 492 &transfiegas

201 498 340 566 redderet,
360 497 555 573 quinquaginta
559 493 642 571 fhltln
655 517 741 556 naves
755 494 883 565 haberet,

202 577 319 653 reliquas
333 575 467 635 Romanis
481 579 597 635 traderet
610 620 621 645 ,
631 598 682 649 per
694 598 781 634 annos
795 577 884 635 decent

201 674 331 733 quaterne
358 655 451 716 millia
475 659 565 731 pondo
592 658 699 734 argenti
719 658 883 736 prostaret,

205 733 231 796 ἃ
253 737 373 796 obsidem
394 741 470 797 daret
483 739 578 816 filiunt
596 734 678 814 ficum
700 737 883 797 Demetrium.

202 810 240 876 Τ.
264 818 400 894 'Quintius
424 821 510 878 etiam
538 817 761 877 Lacedaemoniis
789 817 885 876 intulit

204 897 333 968 bellum3
355 897 456 958 ducem
483 914 581 957 cotum
609 898 754 957 Nabidem
786 899 883 957 vicit:

204 987 253 1049 δι,
273 980 375 1060 quibus
390 982 481 1039 voluit
498 979 729 1049 conditionibuS,
753 982 783 1055 in
799 977 887 1038 fidem

203 1063 321 1138 accepit.
349 1060 462 1143 Ingenti
500 1060 570 1120 lorii
589 1059 669 1119 duxit
690 1079 754 1119 ante
775 1078 887 1120 cunum

204 1142 397 1202 nobilissimos
416 1081 547 1214 obsiies,
568 1141 746 1201 Demetrium
761 1130 888 1222 Philippi

206 1220 318 1294 filium,
339 1231 366 1283 &
386 1224 539 1283 Armenetn
553 1222 685 1282 Nabidis.

246 1303 311 1363 ΙΙΙ.
334 1299 491 1364 Transacio
509 1303 586 1362 bello
603 1300 815 1373 Macedonico,
838 1300 886 1361 se·

206 1400 310 1443 cutum*
321 1383 390 1444 estS
411 1387 516 1444 tiacum
535 1400 631 1443 contra
647 1381 824 1444 Antiochum
843 1403 889 1442 te-

207 1485 298 1547 gem,
320 1464 351 1524 P.
381 1408 519 1526 gornaio
544 1462 676 1545 Scipione
697 1510 706 1536 ,
727 1465 772 1524 M.
790 1464 888 1524 Acilio

208 1546 366 1606 Glabrione
400 1544 583 1606 Consulibus.
629 1546 705 1605 Huic
741 1543 888 1605 Antiocho

205 1625 355 1687 Hannibal
373 1624 401 1685 se
423 1632 550 1706 junxerat
568 1649 578 1698 3
600 1625 808 1710 Carthaginem
830 1647 886 1706 pa-

207 1710 291 1767 triam
307 1705 386 1768 suam
400 1729 498 1780 metu,
518 1729 554 1767 ne
566 1707 706 1768 Romanis
720 1707 889 1779 traderetur,

208 1790 375 1870 relinquens.
395 1790 441 1849 M.
459 1787 568 1850 Acilius
587 1788 708 1849 Glabrio
730 1790 760 1848 in
778 1785 890 1849 Achaia

206 1869 279 1929 bene
300 1869 459 1953 pugnavit:
480 1869 569 1930 castra
587 1872 660 1953 tegis
676 1864 813 1950 Antiochi
829 1892 888 1928 no-

206 1951 305 2013 diurni
334 1950 428 2034 pugni
458 1970 538 2032 capta
566 1948 630 2010 sunt
649 1975 656 2007 :
678 1948 736 2090 ipse
766 1950 889 2033 fugatus.

206 2029 361 2112 Philippo,
385 2053 453 2113 quta
475 2050 571 2091 contra
585 2033 691 2091 Antioc
714 2053 762 2091 um
784 2033 891 2093 Roma·
1004 2073 1010 2079 -

206 2114 250 2172 nis
269 2113 375 2250 apxilio
393 2109 508 2184 fuillet,
529 2111 602 2172 filius
618 2113 779 2173 Demetrius
796 2113 892 2173 reddi·

210 2211 285 2252 tuse
311 2238 317 2251 .
510 2198 516 2211 ⁶

249 2272 309 2332 IV.
333 2273 365 2332 L.
394 2273 532 2334 Cornelio
557 2275 712 2355 Scipione,
736 2272 774 2336 C.
801 2273 892 2335 Laelio

207 2348 408 2425 Consulibus,
436 2355 532 2434 Scipio
557 2355 813 2423 Africanissratii
839 2354 892 2415 suo

208 2436 243 2495 L.
260 2435 398 2496 Cornelio
410 2435 536 2515 Scipioni
554 2435 677 2497 Consuli
692 2438 717 2495 le
740 2456 800 2496 atus
820 2457 891 2497 con-

65 2591 70 2602 ἱ
175 2555 178 2559 f
210 2535 252 2577 tta
276 2513 453 2577 Antiochum
480 2516 619 2597 profestus
645 2516 691 2577 est.
750 2518 892 2590 annibal,

211 2600 262 2678 qui
280 2619 344 2657 cum
361 2595 507 2658 Antiocho
523 2618 580 2660 erat
592 2646 604 2670 ,
623 2599 825 2680 navali'ptaelio
841 2601 891 2658 vi-

211 2681 271 2737 bius
293 2676 339 2738 est.
362 2679 424 2759 Ipse
444 2674 538 2758 postea
554 2676 714 2740 Antiochus
734 2682 806 2738 circa
828 2679 896 2739 Ma-

210 2760 338 2843 gnesiam
360 2759 397 2830 ad
416 2761 566 2842 Sipylum,
590 2762 664 2822 Asia
686 2762 829 2822 civitatem
841 2805 851 2833 ,
878 2760 896 2820 ‘a
