1972 3624
196 293 260 378 378
363 287 685 354 Eornorrr

191 408 277 478 darn,
286 407 354 467 dum
363 403 390 467 se
399 403 591 485 suspenderet,
600 403 674 463 filios
682 402 774 474 duos,
785 407 883 482 trajec-

190 492 228 552 tis
245 510 293 570 per
307 490 381 547 colla
403 508 501 546 eorum
518 489 646 567 laqueis,
662 485 697 545 ad
716 482 781 543 suos
796 484 881 562 pedes

124 586 130 593 ‘
190 572 292 651 junxit.
313 570 356 629 lta
374 567 418 628 his
435 568 545 628 duobus
563 567 662 647 proeliis
676 564 765 630 Echl
780 565 901 626 Gallo·-

192 672 254 710 rum
279 648 393 721 occisa,
417 650 467 713 511
489 668 571 730 capta
591 645 674 715 sunt,
698 643 807 726 absque
831 649 879 705 in·

192 729 310 792 numeral
329 730 509 791 multitudine
529 728 700 797 mulierum,
721 748 784 807 quae
801 725 882 786 suro·

192 833 222 872 re
241 810 367 872 femineo
386 810 414 871 se
435 809 555 891 suosque
575 827 754 868 necaverunt.
792 812 796 820 '

251 939 327 1000 ldcm
333 938 395 1017 feri
406 937 459 1019 sed
474 936 616 1013 aliquanti
633 954 726 994 tamen
746 950 882 993 mutatum

191 1038 268 1083 extat
276 1043 341 1099 pag.
357 1027 402 1094 58.
413 1019 546 1078 editionis
558 1017 722 1091 Eutropiorti
732 1014 883 1074 Breviorii

191 1103 381 1176 interpolato,
400 1122 479 1177 quum
494 1099 527 1158 F.
547 1097 709 1178 Sylburgius
723 1096 755 1153 in
770 1117 882 1169 corpore

183 1178 345 1262 siriptorum
381 1180 498 1239 Roman.
537 1181 669 1237 minorum
692 1176 882 1255 francorfrirti

194 1272 281 1349 1587.
297 1262 389 1341 iri-fol.
410 1262 548 1340 vulgavit.
574 1259 690 1318 Tom.1.

251 1390 316 1471 Posl
328 1389 412 1451 verba
424 1413 433 1447 :
447 1385 494 1447 sed
508 1388 612 1448 Praetor
622 1383 727 1470 egisset.
742 1389 809 1462 Cap.
825 1412 880 1450 ιιι.

189 1494 254 1550 pog.
278 1490 325 1546 57.
346 1492 426 1548 usque
448 1473 486 1529 od
503 1469 611 1540 verba,
629 1471 711 1528 initio
731 1470 797 1542 Cap.
822 1490 876 1527 rr.

192 1553 279 1612 Anno
297 1551 386 1612 Urbis
406 1550 525 1610 conditor
536 1550 651 1628 sequens
667 1551 804 1609 intextum
823 1551 878 1630 est,

184 1632 237 1710 sed
255 1632 348 1695 russis
367 1630 502 1709 diverfitm
519 1631 553 1693 ab
570 1652 622 1701 co,
640 1634 711 1708 quod
725 1631 811 1689 editio
831 1630 880 1688 in·

190 1715 327 1793 terpolato
338 1757 349 1783 ,
362 1712 448 1790 supro
466 1729 636 1782 memorata,
651 1710 762 1787 probet.

232 1839 298 1923 Ipso
316 1844 484 1920 intempore
502 1839 563 1899 dira
576 1838 707 1921 prodigia
722 1836 784 1898 visa
802 1835 877 1900 sunt.

190 1923 270 2007 Narn
284 1921 336 1982 sub
354 1943 418 1983 ortu
436 1919 503 1981 solis
517 1920 619 2003 globus
637 1922 712 2002 ignis
725 1917 743 1978 ὲ
758 1921 878 2002 regione

192 2005 393 2084 Septentrionir
416 2004 555 2072 emicuit,
577 2022 642 2060 curn
662 2001 788 2060 maximo
811 1999 889 2062 coeli

192 2082 312 2166 frigore.
333 2082 416 2164 Apud
430 2084 576 2146 Arretinos
593 2083 623 2141 in
642 2083 775 2141 convivio
795 2101 877 2145 cruor

192 2165 208 2224 ὲ
230 2165 368 2244 Ρειυὶὸιις,
406 2167 468 2224 uasi
485 2163 501 2222 ὲ
520 2163 680 2225 vulneribus
699 2181 874 2242 corporum,

191 2247 281 2306 fluxit.
308 2246 361 2305 Per
383 2186 489 2324 liptem
511 2245 660 2302 continuos
682 2242 742 2302 dies
762 2241 875 2325 grando

191 2326 347 2407 lapidum,
368 2327 506 2387 immixtis
535 2325 623 2383 etiarn
649 2321 779 2383 testarum
810 2322 874 2385 fra·

244 2410 342 2478 entis,
367 2426 470 2469 tetram
492 2405 625 2477 litissinrl
646 2405 810 2464 verberavit.
839 2404 876 2465 In

213 2490 366 2551 amnitibus
386 2488 401 2546 ὲ
419 2485 577 2546 vastissimo
595 2505 671 2545 terrae
689 2483 768 2545 hiatu
787 2486 874 2545 llam·

193 2569 409 2650 nra-prorupit,
434 2576 460 2628 δι
481 2565 568 2648 usque
587 2568 618 2626 in
638 2566 740 2626 coelurn
760 2565 875 2628 extendi

192 2647 253 2713 uisa
276 2647 325 2710 est.
357 2648 440 2708 Tunc
466 2650 553 2708 etiam
579 2648 710 2709 omnium
736 2666 874 2729 generum

192 2731 350 2801 animalia,
369 2751 431 2812 quae
452 2732 524 2788 inter
548 2726 678 2788 homines
702 2728 796 2788 vivere
820 2724 875 2786 so-

190 2810 243 2879 lite
270 2830 379 2884 nant,
407 2810 511 2905 reliolis
536 2807 651 2883 stabulis
676 2805 873 2890 pascuisque,
