2010 3616
165 338 223 388 na
244 320 364 390 Virus
385 335 675 388 recurrantur.
712 343 773 408 171

82 444 156 502 slus.
171 439 328 501 Juvenibus
344 440 428 521 regiis
438 435 567 518 Delphos
581 439 711 500 euntibus
725 439 776 500 de-

82 522 199 582 ridiculi
212 518 303 604 gratia
315 541 410 579 comes
426 518 567 593 adscitus,
582 522 685 581 baculo
698 520 776 582 sam·

82 604 179 663 buceo
207 623 304 661 aurum
333 599 457 661 infusum
483 601 547 661 Deo
570 602 678 663 donum
702 605 774 665 tulit.

82 684 147 747 Ubi
166 681 333 763 responsum
350 681 389 741 est
400 729 412 753 ,
431 703 497 742 eum
513 682 614 743 Romae
632 683 775 747 summam

82 763 257 846 potestatem
283 761 468 835 habiturum,
499 766 548 845 qui
575 766 680 845 primus
706 787 774 827 ma·

83 867 158 908 trem
174 844 346 906 oscularetur
358 869 367 916 3
386 843 443 925 ipse
455 865 557 905 terram
573 844 714 909 osculatus
726 847 775 911 est.

83 927 203 988 Deinde
232 947 343 1007 propter
369 927 505 986 Lucretiae
534 926 681 1008 stuprum,
710 951 775 992 curn

84 1009 264 1090 Tricipitino
284 1016 309 1068 &
328 1007 478 1068 Collatino
495 1010 525 1068 in
542 1011 658 1069 exitium
677 1032 776 1094 regum

85 1092 259 1170 conjuravit.
281 1090 393 1167 Quibus
413 1091 443 1148 in
461 1091 590 1150 exsilium
607 1094 697 1161 aslis,
719 1096 776 1172 pri-¹

85 1195 151 1234 mus
166 1169 283 1233 Consul
294 1190 399 1230 creatus
412 1169 510 1241 ‚lilios
524 1168 606 1242 suos,
620 1170 776 1253 quodcum

83 1254 215 1337 Aquiliis
232 1262 259 1313 δι
272 1252 398 1311 Vitelliis
417 1253 454 1311 ad
471 1253 662 1332 recipiendum
677 1255 706 1313 in
716 1255 775 1316 Ur·

84 1337 154 1396 bem
167 1335 344 1415 Tarquinios
364 1339 597 1413 conjuraverant,
616 1336 704 1418 virgis
721 1357 775 1396 cae·

85 1415 132 1477 sos
164 1415 256 1476 securi
282 1418 421 1496 percussit.
451 1414 562 1475 Deinde
590 1417 620 1475 in
643 1417 739 1497 praelio
760 1465 772 1491 ,

85 1497 170 1580 quod
188 1497 317 1557 advertiis
337 1518 384 1555 eos
403 1495 539 1579 gerebat,
565 1498 701 1592 singulari
720 1520 774 1559 cer·

85 1581 199 1639 tamine
224 1599 289 1639 cum
306 1579 413 1637 Arturte
439 1576 500 1636 filio
519 1577 671 1659 Tarqumii
700 1601 775 1641 con·

86 1658 219 1744 gressus,
245 1658 273 1718 se
293 1659 380 1719 ambo
401 1661 505 1719 mutuis
522 1660 682 1721 vulneribus
702 1665 776 1721 ceci-

87 1745 202 1803 derunt.
227 1740 317 1819 Cujus
335 1761 433 1820 corpus
454 1741 484 1800 in
505 1739 569 1800 soro
589 1744 735 1821 positum,
759 1742 777 1803 ὲ

87 1823 206 1964 milei&
220 1822 363 1882 laudatum
376 1868 385 1893 ,
399 1841 534 1881 matronae
548 1844 625 1881 anno
639 1823 775 1887 luxerunt.

129 1906 161 1965 X
187 1952 194 1964 .
218 1901 382 1973 Porsenna,
407 1924 454 1962 rex
479 1901 683 1974 Etruscorum,
711 1901 776 1965 crim

87 1985 268 2067 Tarquinios
292 1987 320 2045 in
343 1984 454 2047 Urbem
477 1981 614 2043 restituere
634 2003 775 2058 tentaret,

87 2077 115 2128 &
137 2070 237 2149 primo
255 2067 360 2146 impetu
380 2065 541 2125 ianiculum
562 2064 693 2145 cepisset,
714 2067 778 2127 Ho·
861 2138 863 2141 v

86 2152 178 2210 ratius
196 2148 322 2218 Cocles,
344 2148 420 2218 (illo
436 2149 631 2231 cognomine,
649 2147 727 2229 qubd
746 2151 777 2210 in

87 2233 147 2291 alio
173 2229 269 2311 praelio
294 2230 408 2288 oculum
433 2226 590 2303 amiserat)
615 2250 666 2310 pro
689 2249 776 2311 ponte

87 2310 215 2372 sublicio
233 2308 327 2382 sterit,
349 2319 376 2370 &
392 2311 482 2369 aciem
498 2307 619 2369 hostium
639 2309 713 2370 solus
730 2309 778 2371 su·

86 2391 212 2464 stinuit,
234 2392 324 2451 donec
342 2413 413 2472 pons
431 2389 448 2450 xa
465 2410 544 2475 tergo
564 2393 778 2471 interrumpere-

87 2494 133 2535 tur
149 2519 161 2548 ,
180 2495 245 2533 cum
284 2494 321 2532 uo
341 2474 371 2541 in
384 2472 514 2532 Tiberim
536 2472 662 2542 decidit,
685 2481 713 2532 &
733 2493 778 2532 ar-

87 2575 189 2616 matus
206 2555 243 2614 ad
263 2496 326 2615 suos
341 2552 504 2617 transnavit.
524 2553 575 2613 Ob
594 2551 649 2612 hoe
670 2555 696 2611 ei
714 2571 778 2613 tan·

87 2657 153 2696 tum
172 2638 234 2719 agri
244 2636 354 2716 publici
368 2636 487 2706 datum,
508 2653 644 2717 quantum
661 2656 718 2695 uno
732 2634 778 2696 die

87 2719 167 2777 arari
182 2713 320 2796 potuisset.
336 2718 433 2778 Statua
453 2738 566 2800 quoque
584 2718 609 2776 ei
627 2718 657 2776 in
672 2717 779 2780 Vulca-

87 2801 151 2860 nali
176 2800 276 2877 posita.

132 2878 219 2944 XII.
241 2878 319 2942 cnm
339 2879 481 2942 Porsenna
503 2902 549 2942 rex
567 2881 677 3023 UIribern
695 2879 778 2941 obsi·

638 2983 658 3042 ¹]
