2010 3616
280 300 464 370 L1uuu
500 301 545 368 X.
687 324 748 387 ¹23

82 419 224 500 principem
243 417 336 479 decuit
350 443 357 477 ε
373 419 485 479 fuerunt
505 420 582 480 enim
599 420 751 492 nonnulli,

83 502 126 580 qui
143 502 254 561 vulnera
273 501 371 583 gloria:
388 505 446 578 ejus
463 499 619 561 inferrent:
635 503 666 562 in
687 523 754 582 pro-

83 581 204 643 vinciales
222 580 386 660 justissimus
396 603 407 652 3
425 590 453 643 δι
471 582 658 654 tributorum,
680 605 753 664 qua·

84 678 152 723 tenus
182 662 243 723 fieri
271 660 383 743 pollet,
412 659 542 743 repreffor
570 686 578 722 ε
605 665 694 726 civilis
721 667 753 726 in

83 747 186 806 cundlos
204 744 395 807 :mediocrem
414 741 521 804 habens
533 747 621 809 orarii
634 767 729 806 curam
746 771 753 804 :
800 743 805 761 ¹

83 824 168 905 gloriar
186 825 308 897 avidus,
329 846 362 886 ac
379 845 427 904 per
444 845 507 886 eam
525 828 614 887 animi
633 828 754 907 plerum·

83 925 129 1043 Fue
149 906 297 967 immodici
317 928 324 962 ε
347 907 492 989 religionis
514 904 681 968 Chn'stianae
703 911 752 969 in·

95 989 191 1049 edator
205 1011 215 1060 3
227 986 350 1068 perinde.
362 1007 483 1057 tamen,
499 1006 530 1046 ut
548 1008 644 1047 cruore
663 987 753 1049 absti·

83 1087 157 1128 neret.
186 1070 291 1130 Marco
318 1069 468 1139 Antonino
499 1089 558 1128 uon
586 1069 756 1131 absimilis:

82 1168 158 1227 quem
178 1152 265 1210 etiam
284 1151 409 1209 aemulari
428 1146 565 1209 studebat.

116 1230 230 1291 XVII.
252 1229 318 1291 Post
337 1227 411 1291 hunc
434 1230 594 1301 Jovianus,
637 1232 667 1290 ui
688 1249 756 1292 tunc

83 1307 240 1373 domesticus
258 1312 420 1382 militabat,
440 1310 477 1370 ad
496 1251 683 1371 obtinendum
698 1314 756 1372 im-

80 1393 179 1471 perium
194 1391 332 1453 consensu
346 1389 480 1452 exercitiis
494 1392 580 1452 ledlus
598 1390 657 1463 est,
674 1414 756 1453 com-

82 1474 257 1534 mendatione
275 1474 359 1554 patris
376 1472 464 1555 quim
482 1471 531 1533 sud
546 1473 684 1534 militibus
701 1497 756 1535 no-

83 1553 131 1612 tior
144 1578 151 1613 ε
166 1558 216 1637 qui
228 1561 288 1632 jam
300 1556 419 1616 turbaris
429 1556 533 1626 rebus,
551 1558 672 1616 exercitu
684 1578 756 1637 quo-

82 1655 131 1714 que
147 1635 245 1717 inopid
261 1637 431 1706 laborante,
450 1657 508 1696 uno
529 1634 546 1696 l
562 1637 652 1696 Persis
671 1657 757 1721 atque

82 1716 163 1778 altero
179 1720 276 1799 praelio
290 1720 403 1789 vidus,
427 1737 526 1796 pacem
544 1738 609 1777 cum
628 1718 757 1798 Sapore,

81 1797 256 1861 necessariam
272 1799 407 1880 quidem,
426 1796 475 1858 led
493 1799 651 1882 ignobilem
670 1798 756 1869 fecit,

82 1880 208 1941 multatus
226 1879 349 1952 finibus,
371 1901 404 1942 ac
419 1879 557 1939 nonnulli
571 1881 682 1959 imperii
695 1879 757 1938 llo-

81 1964 154 2021 mani
170 1981 250 2042 parte
268 1957 371 2022 traditi
393 1961 495 2042 :quod
511 1978 576 2020 ante
595 1958 659 2018 eum
677 1962 759 2020 annis

80 2043 152 2102 mille
174 2062 290 2102 centum
316 2048 343 2103 &
365 2040 654 2127 duobtu·de·viginti
675 2039 758 2113 fere,

78 2141 109 2182 ex
139 2146 199 2206 quo
229 2124 395 2185 Romanum
427 2125 577 2204 imperium
611 2122 758 2183 conditum

16 2224 20 2231 ·
78 2223 158 2276 etat,
180 2225 329 2285 nunquam
347 2203 459 2264 accidit.
484 2205 650 2282 Quinetiam
668 2204 758 2288 legio·

78 2306 122 2346 nes
146 2285 270 2356 nostrae,
296 2288 335 2346 ita
358 2288 392 2346 δι’
410 2284 485 2366 apud
514 2284 684 2356 Caudium,
708 2306 758 2366 per

76 2364 211 2429 Pontium
220 2367 411 2438 Telesinum,
434 2375 462 2428 &
481 2369 510 2426 in
523 2365 663 2447 Hispania
682 2365 758 2447 apud

76 2440 290 2520 Numantiam,
311 2457 339 2509 &
361 2449 391 2507 in
416 2447 555 2509 Numidia
582 2445 633 2507 sub
657 2451 759 2529 jugum

75 2529 158 2592 milla:
180 2529 270 2601 sunt,
292 2548 324 2589 ut
340 2527 413 2588 nihil
434 2549 529 2590 tamen
547 2525 647 2587 finium
668 2526 759 2587 trade-

74 2630 153 2673 retur.
182 2612 229 2672 Ea
268 2614 325 2672 acis
345 2610 473 2672 conditio
488 2631 547 2669 non
573 2605 682 2688 punietis
708 2628 756 2668 re-

73 2692 236 2772 prehenden
298 2691 396 2763 foret,
422 2693 446 2752 si
468 2690 581 2751 fuderis
604 2691 755 2750 necessita-

73 2792 153 2847 tem,
180 2771 247 2833 crim
268 2775 411 2856 integrum
428 2773 504 2844 fuit,
521 2791 629 2832 mutare
645 2763 757 2832 voluis-

73 2853 135 2928 set,
157 2858 234 2916 sicut
251 2852 267 2914 l
285 2854 424 2915 Romanis
442 2855 575 2914 omnibus
595 2850 639 2911 his
657 2853 757 2925 bellis,

546 2934 682 3012 tn
