2056 3628
192 204 195 219 ¹
287 232 481 303 Lrnnn
530 228 596 301 ΙΙ.
739 249 779 322 23

91 348 330 431 Samnitibusque
355 355 532 430 junxerunt:
554 349 603 412 sed
626 350 690 410 etim
717 344 783 411 Rol

96 453 177 492 mam
196 431 364 503 tenderent,
377 431 462 494 an.
478 433 617 495 Cornelio
629 432 784 494 Dolabeilri

96 511 227 574 Consule
244 513 341 573 deletae
360 511 432 573 sunt.

137 594 196 654 XI.
219 593 333 653 Eodem
361 614 485 694 tempote
510 594 703 666 Tarentinis,
734 597 784 677 qui

93 679 158 755 jam
178 677 208 733 in
228 674 328 736 ultimd
349 675 436 735 Italia
454 675 539 748 sunt,
561 675 667 734 beilum
686 675 781 736 indic·

97 774 161 814 tum
183 753 246 826 est,
270 759 338 837 quia
367 757 468 836 legatis
490 757 686 816 Romanorum
710 759 785 837 inju-

98 840 174 896 tiam
190 833 331 897 fecissent..
340 837 382 896 Hi
394 835 530 918 Pyrrhum
540 883 552 907 ,
574 838 654 918 Epiri
670 859 784 921 regem,

100 937 202 977 contra
218 918 367 977 Romanos
384 920 413 978 in
427 920 564 979 auxilium
581 917 785 999 poposcerunt,

100 1002 154 1079 qui
175 1020 210 1058 ex
234 1020 334 1081 genere
349 997 470 1059 Achillis
489 1002 630 1084 originem
648 997 785 1061 trahebat.
868 1004 871 1011 ⁴

101 1079 131 1139 Is
145 1101 216 1139 mox
228 1081 264 1139 ad
282 1081 395 1140 Italiam
408 1083 509 1150 venit,
528 1080 645 1160 ttimque
662 1079 785 1159 primum

102 1159 233 1220 Romani
258 1160 536 1229 cum‘transmarino
562 1158 641 1219 hoste
668 1161 788 1221 dimica·

102 1261 214 1300 verunt.
240 1239 340 1301 Missus
359 1242 398 1302 est
420 1262 518 1302 contra
538 1262 603 1303 eum
620 1239 732 1302 Consul
754 1243 786 1304 P.

102 1322 238 1382 Valerius
264 1324 414 1396 Laevinus,
437 1326 487 1405 qui
512 1321 576 1382 crim
601 1322 788 1401 exploratores

104 1403 128 1462 P
151 1401 210 1461 trhi
224 1401 353 1484 cepisset,
376 1407 453 1484 jussit
468 1425 517 1464 eos
532 1424 580 1483 per
600 1401 687 1462 castra
706 1403 786 1476 duci,

105 1426 273 1566 oPendique
287 1505 403 1544 omnem
420 1487 589 1556 exercitum,
608 1483 725 1566 ttimque
740 1506 787 1546 eor

106 1565 237 1636 dimitti,
258 1584 289 1624 ut
303 1568 492 1625 renuntiarent
500 1564 609 1647 Pyrrho
623 1611 631 1636 ,
649 1586 789 1646 quaecum·

107 1667 167 1728 que
184 1647 349 1706 &Romanis
366 1667 521 1731 agerentur.
540 1643 705 1708 Commissi
721 1666 789 1706 mox

108 1726 208 1811 pugni
229 1773 239 1799 ,
261 1726 325 1787 crint
349 1725 550 1811 jam'Pytrhus
574 1726 683 1812 sugeret
702 1771 712 1797 ,
734 1727 791 1785 tie-

130 1807 283 1869 hantorum
303 1811 408 1870 auxilio
423 1811 493 1871 vicit
510 1832 516 1866 :
535 1828 606 1889 quos
629 1809 792 1888 incognitos

108 1829 241 1950 εἰσωποὶ
254 1909 430 1970 expaverunt.
450 1889 506 1950 Sed
524 1910 581 1947 nox
596 1888 689 1967 praelio
706 1884 792 1946 finem

111 1970 200 2031 dedit.
221 1973 350 2033 Laevinus
370 1991 465 2033 tamen
489 1989 536 2051 per
558 1971 672 2028 nostem
694 1965 791 2050 fugit,
850 1996 854 2000 ·

108 2050 234 2132 Pyrrhus
250 2053 398 2113 Romanos
413 2052 491 2115 mille
506 2051 684 2133 offingentos
698 2051 792 2129 cepit,

110 2131 219 2214 eosque
242 2132 354 2193 summo
379 2131 487 2193 honore
507 2133 660 2201 naenia
684 2128 794 2190 occisot

102 2213 252 2296 sepelivit
281 2216 362 2292 Quos
389 2215 454 2274 crim
481 2210 598 2273 adverso
629 2211 741 2271 vulnere
765 2220 793 2271 ὅτ

113 2297 186 2355 truci
204 2296 305 2367 vulto,
323 2298 412 2356 etiam
431 2313 578 2364 mortuos,
599 2298 687 2372 jacere
710 2289 796 2351 vidis·

104 2376 176 2447 set,
197 2373 286 2436 tulisse
302 2377 339 2437 ad
357 2379 459 2439 colum
475 2396 573 2435 manus
589 2374 709 2444 dicitur,
730 2391 797 2453 cum

116 2456 173 2516 hac
187 2479 258 2517 voce
274 2481 281 2516 :
297 2458 334 2518 Se
347 2461 433 2521 totius
444 2458 518 2517 orbis
531 2456 668 2517 dominum
680 2451 729 2527 effe
744 2474 797 2527 po-

113 2537 195 2613 truste
208 2586 220 2609 ,
241 2543 269 2599 si
284 2541 355 2599 tales
369 2540 423 2613 sibi
437 2540 540 2598 milites
556 2532 734 2615 contigissent.

157 2620 226 2681 XII.
247 2619 347 2680 Postea
360 2617 500 2700 Pyrrhus,
521 2618 622 2697 jundiis
641 2615 695 2673 sibi
714 2613 797 2673 Sam·
818 2648 823 2651 ·

116 2701 252 2772 n'itibus,
278 2703 427 2771 Lucanis,
453 2696 644 2779 Bruttiisque,
673 2694 798 2755 Romam

116 2784 267 2865 perrexit3
300 2783 400 2843 omnia
429 2780 502 2843 fetro
531 2781 647 2863 ignique
671 2774 800 2847 vastavit,
