<?xml version="1.0" encoding="UTF-8"?>
<!DOCTYPE html PUBLIC "-//W3C//DTD XHTML 1.0 Transitional//EN"
    "http://www.w3.org/TR/xhtml1/DTD/xhtml1-transitional.dtd">
<html xmlns="http://www.w3.org/1999/xhtml" xml:lang="en" lang="en">
 <head>
  <title>
</title>
<meta http-equiv="Content-Type" content="text/html;charset=utf-8" />
  <meta name='ocr-system' content='tesseract 3.04.00' />
  <meta name='ocr-capabilities' content='ocr_page ocr_carea ocr_par ocr_line ocrx_word'/>
</head>
<body>
  <div class='ocr_page' id='page_1' title='image "./eutropiisextaur01victgoog_0061.png"; bbox 0 0 2056 3628; ppageno 0'>
   <div class='ocr_carea' id='block_1_1' title="bbox 181 243 716 334">
    <p class='ocr_par' dir='ltr' id='par_1_1' title="bbox 181 243 716 334">
     <span class='ocr_line' id='line_1_1' title="bbox 181 243 716 334; baseline 0 -20"><span class='ocrx_word' id='word_1_1' title='bbox 181 257 189 265; x_wconf 88' lang='grc'><em>·</em></span> <span class='ocrx_word' id='word_1_2' title='bbox 231 249 277 334; x_wconf 83' lang='lat'><strong>48</strong></span> <span class='ocrx_word' id='word_1_3' title='bbox 403 243 716 329; x_wconf 0' lang='lat' dir='ltr'><strong>Euarnom</strong></span> 
     </span>
    </p>
   </div>
   <div class='ocr_carea' id='block_1_2' title="bbox 232 364 925 1257">
    <p class='ocr_par' dir='ltr' id='par_1_2' title="bbox 232 364 925 1257">
     <span class='ocr_line' id='line_1_2' title="bbox 233 364 925 448; baseline 0.001 -24"><span class='ocrx_word' id='word_1_4' title='bbox 233 387 314 426; x_wconf 85' lang='lat' dir='ltr'><strong>cuttu</strong></span> <span class='ocrx_word' id='word_1_5' title='bbox 338 385 442 436; x_wconf 86' lang='lat' dir='ltr'><strong>anteo,</strong></span> <span class='ocrx_word' id='word_1_6' title='bbox 464 387 529 427; x_wconf 86' lang='lat' dir='ltr'><strong>cum</strong></span> <span class='ocrx_word' id='word_1_7' title='bbox 552 364 662 425; x_wconf 86' lang='lat' dir='ltr'><strong>duobus</strong></span> <span class='ocrx_word' id='word_1_8' title='bbox 685 364 770 435; x_wconf 86' lang='lat' dir='ltr'><strong>filiis,</strong></span> <span class='ocrx_word' id='word_1_9' title='bbox 792 383 925 448; x_wconf 63' lang='lat' dir='ltr'><strong>utroque</strong></span> 
     </span>
     <span class='ocr_line' id='line_1_3' title="bbox 233 444 914 508; baseline 0.001 -2"><span class='ocrx_word' id='word_1_10' title='bbox 233 447 317 506; x_wconf 82' lang='lat' dir='ltr'><strong>latete</strong></span> <span class='ocrx_word' id='word_1_11' title='bbox 338 444 499 506; x_wconf 84' lang='lat' dir='ltr'><strong>astantibus.</strong></span> <span class='ocrx_word' id='word_1_12' title='bbox 523 447 611 507; x_wconf 75' lang='lat' dir='ltr'><strong>Ducti</strong></span> <span class='ocrx_word' id='word_1_13' title='bbox 633 444 696 506; x_wconf 84' lang='lat' dir='ltr'><strong>sunt</strong></span> <span class='ocrx_word' id='word_1_14' title='bbox 715 465 780 506; x_wconf 89' lang='lat' dir='ltr'><strong>ante</strong></span> <span class='ocrx_word' id='word_1_15' title='bbox 801 467 914 508; x_wconf 85' lang='lat' dir='ltr'><strong>curtum</strong></span> 
     </span>
     <span class='ocr_line' id='line_1_4' title="bbox 235 525 913 610; baseline 0.004 -25"><span class='ocrx_word' id='word_1_16' title='bbox 235 526 293 586; x_wconf 91' lang='lat' dir='ltr'><strong>duo</strong></span> <span class='ocrx_word' id='word_1_17' title='bbox 316 528 390 610; x_wconf 83' lang='lat' dir='ltr'><strong>regis</strong></span> <span class='ocrx_word' id='word_1_18' title='bbox 410 525 484 598; x_wconf 84' lang='lat' dir='ltr'><strong>filii,</strong></span> <span class='ocrx_word' id='word_1_19' title='bbox 506 536 532 587; x_wconf 72' lang='grc' dir='ltr'><strong>ὃ(</strong></span> <span class='ocrx_word' id='word_1_20' title='bbox 552 526 610 608; x_wconf 83' lang='lat' dir='ltr'><strong>ipse</strong></span> <span class='ocrx_word' id='word_1_21' title='bbox 632 525 763 598; x_wconf 83' lang='lat' dir='ltr'><strong>Perseus,</strong></span> <span class='ocrx_word' id='word_1_22' title='bbox 785 529 913 609; x_wconf 81' lang='lat' dir='ltr'><strong>quadra-</strong></span> 
     </span>
     <span class='ocr_line' id='line_1_5' title="bbox 232 607 914 690; baseline 0.006 -24"><span class='ocrx_word' id='word_1_23' title='bbox 232 610 314 690; x_wconf 77' lang='lat' dir='ltr'><strong>ginta</strong></span> <span class='ocrx_word' id='word_1_24' title='bbox 326 610 449 689; x_wconf 91' lang='lat' dir='ltr'><strong>quinque</strong></span> <span class='ocrx_word' id='word_1_25' title='bbox 468 630 558 668; x_wconf 87' lang='lat' dir='ltr'><strong>annos</strong></span> <span class='ocrx_word' id='word_1_26' title='bbox 570 629 659 680; x_wconf 80' lang='lat' dir='ltr'><strong>natus.</strong></span> <span class='ocrx_word' id='word_1_27' title='bbox 673 607 739 668; x_wconf 93' lang='lat' dir='ltr'><strong>Post</strong></span> <span class='ocrx_word' id='word_1_28' title='bbox 748 630 813 668; x_wconf 86' lang='lat' dir='ltr'><strong>eum</strong></span> <span class='ocrx_word' id='word_1_29' title='bbox 824 614 914 671; x_wconf 88' lang='lat' dir='ltr'><strong>etiam</strong></span> 
     </span>
     <span class='ocr_line' id='line_1_6' title="bbox 235 686 916 770; baseline 0 -19"><span class='ocrx_word' id='word_1_30' title='bbox 235 689 274 752; x_wconf 85' lang='lat' dir='ltr'><strong>C.</strong></span> <span class='ocrx_word' id='word_1_31' title='bbox 295 690 413 749; x_wconf 83' lang='lat' dir='ltr'>Anicius</span> <span class='ocrx_word' id='word_1_32' title='bbox 433 689 467 749; x_wconf 90' lang='lat' dir='ltr'><strong>de</strong></span> <span class='ocrx_word' id='word_1_33' title='bbox 479 690 581 770; x_wconf 81' lang='lat' dir='ltr'><strong>Illyriis</strong></span> <span class='ocrx_word' id='word_1_34' title='bbox 599 686 784 770; x_wconf 85' lang='lat' dir='ltr'><strong>triumphavit</strong></span> <span class='ocrx_word' id='word_1_35' title='bbox 806 714 813 748; x_wconf 74' lang='grc' dir='ltr'><em>ε</em></span> <span class='ocrx_word' id='word_1_36' title='bbox 834 689 916 751; x_wconf 88' lang='lat' dir='ltr'><strong>Gen-</strong></span> 
     </span>
     <span class='ocr_line' id='line_1_7' title="bbox 234 769 918 831; baseline 0.004 -3"><span class='ocrx_word' id='word_1_37' title='bbox 234 772 289 830; x_wconf 87' lang='lat' dir='ltr'>tius</span> <span class='ocrx_word' id='word_1_38' title='bbox 312 769 527 831; x_wconf 86' lang='lat' dir='ltr'><strong>cumfratre&amp;</strong></span> <span class='ocrx_word' id='word_1_39' title='bbox 547 769 612 831; x_wconf 87' lang='lat' dir='ltr'><strong>filiis</strong></span> <span class='ocrx_word' id='word_1_40' title='bbox 628 790 693 829; x_wconf 90' lang='lat' dir='ltr'><strong>ante</strong></span> <span class='ocrx_word' id='word_1_41' title='bbox 713 792 821 830; x_wconf 82' lang='lat' dir='ltr'><strong>curtum</strong></span> <span class='ocrx_word' id='word_1_42' title='bbox 843 770 918 831; x_wconf 91' lang='lat' dir='ltr'><strong>duc-</strong></span> 
     </span>
     <span class='ocr_line' id='line_1_8' title="bbox 234 848 917 932; baseline 0.004 -22"><span class='ocrx_word' id='word_1_43' title='bbox 234 869 277 911; x_wconf 86' lang='lat' dir='ltr'><strong>tus</strong></span> <span class='ocrx_word' id='word_1_44' title='bbox 305 850 354 910; x_wconf 64' lang='lat' dir='ltr'><strong>esti</strong></span> <span class='ocrx_word' id='word_1_45' title='bbox 378 850 425 912; x_wconf 80' lang='lat' dir='ltr'><strong>Ad</strong></span> <span class='ocrx_word' id='word_1_46' title='bbox 457 848 512 910; x_wconf 92' lang='lat' dir='ltr'><strong>hoc</strong></span> <span class='ocrx_word' id='word_1_47' title='bbox 539 851 729 932; x_wconf 72' lang='lat' dir='ltr'><strong>speciaculum</strong></span> <span class='ocrx_word' id='word_1_48' title='bbox 761 853 917 913; x_wconf 85' lang='lat' dir='ltr'><strong>multarum</strong></span> 
     </span>
     <span class='ocr_line' id='line_1_9' title="bbox 234 933 916 1017; baseline 0.007 -28"><span class='ocrx_word' id='word_1_49' title='bbox 234 935 363 1015; x_wconf 84' lang='lat' dir='ltr'><strong>gentium</strong></span> <span class='ocrx_word' id='word_1_50' title='bbox 395 953 473 1015; x_wconf 83' lang='lat' dir='ltr'><strong>teges</strong></span> <span class='ocrx_word' id='word_1_51' title='bbox 499 933 626 993; x_wconf 83' lang='lat' dir='ltr'>Romam</span> <span class='ocrx_word' id='word_1_52' title='bbox 652 953 816 993; x_wconf 85' lang='lat' dir='ltr'><strong>venerunt:</strong></span> <span class='ocrx_word' id='word_1_53' title='bbox 839 935 916 1017; x_wconf 80' lang='lat' dir='ltr'><strong>inter</strong></span> 
     </span>
     <span class='ocr_line' id='line_1_10' title="bbox 235 1012 918 1096; baseline 0.006 -24"><span class='ocrx_word' id='word_1_54' title='bbox 235 1012 307 1073; x_wconf 84' lang='lat' dir='ltr'><strong>alios</strong></span> <span class='ocrx_word' id='word_1_55' title='bbox 330 1015 415 1072; x_wconf 89' lang='lat' dir='ltr'><strong>etiam</strong></span> <span class='ocrx_word' id='word_1_56' title='bbox 434 1015 512 1085; x_wconf 82' lang='lat' dir='ltr'><strong>venit</strong></span> <span class='ocrx_word' id='word_1_57' title='bbox 532 1014 643 1075; x_wconf 84' lang='lat' dir='ltr'><strong>Attalus</strong></span> <span class='ocrx_word' id='word_1_58' title='bbox 665 1033 749 1096; x_wconf 86' lang='lat' dir='ltr'><strong>atquc</strong></span> <span class='ocrx_word' id='word_1_59' title='bbox 771 1015 918 1076; x_wconf 84' lang='lat' dir='ltr'>Eumenes</span> 
     </span>
     <span class='ocr_line' id='line_1_11' title="bbox 236 1093 918 1179; baseline 0.001 -24"><span class='ocrx_word' id='word_1_60' title='bbox 236 1095 312 1155; x_wconf 83' lang='lat' dir='ltr'><strong>Asiae</strong></span> <span class='ocrx_word' id='word_1_61' title='bbox 322 1116 418 1178; x_wconf 85' lang='lat' dir='ltr'><strong>reges,</strong></span> <span class='ocrx_word' id='word_1_62' title='bbox 427 1115 510 1175; x_wconf 86' lang='lat' dir='ltr'><strong>atque</strong></span> <span class='ocrx_word' id='word_1_63' title='bbox 522 1095 629 1156; x_wconf 81' lang='lat' dir='ltr'><strong>Prusias</strong></span> <span class='ocrx_word' id='word_1_64' title='bbox 639 1093 795 1176; x_wconf 81' lang='lat' dir='ltr'><strong>Bithyniae3</strong></span> <span class='ocrx_word' id='word_1_65' title='bbox 805 1116 918 1179; x_wconf 83' lang='lat' dir='ltr'><strong>magno</strong></span> 
     </span>
     <span class='ocr_line' id='line_1_12' title="bbox 236 1174 919 1257; baseline 0.004 -24"><span class='ocrx_word' id='word_1_66' title='bbox 236 1174 344 1237; x_wconf 77' lang='lat' dir='ltr'><strong>honore</strong></span> <span class='ocrx_word' id='word_1_67' title='bbox 363 1177 476 1257; x_wconf 79' lang='lat' dir='ltr'><strong>accepti.</strong></span> <span class='ocrx_word' id='word_1_68' title='bbox 493 1174 579 1247; x_wconf 86' lang='lat' dir='ltr'><strong>sunt,</strong></span> <span class='ocrx_word' id='word_1_69' title='bbox 598 1187 645 1247; x_wconf 88' lang='lat'><strong>&amp;,</strong></span> <span class='ocrx_word' id='word_1_70' title='bbox 668 1178 844 1257; x_wconf 83' lang='lat' dir='ltr'><strong>permittente</strong></span> <span class='ocrx_word' id='word_1_71' title='bbox 865 1178 919 1237; x_wconf 90' lang='lat' dir='ltr'><strong>Se-</strong></span> 
     </span>
    </p>
   </div>
   <div class='ocr_carea' id='block_1_3' title="bbox 235 1257 937 1338">
    <p class='ocr_par' dir='ltr' id='par_1_3' title="bbox 235 1257 937 1338">
     <span class='ocr_line' id='line_1_13' title="bbox 235 1257 937 1338; baseline -0.001 -20"><span class='ocrx_word' id='word_1_72' title='bbox 235 1278 325 1327; x_wconf 83' lang='lat' dir='ltr'>natu,</span> <span class='ocrx_word' id='word_1_73' title='bbox 348 1257 443 1328; x_wconf 87' lang='lat' dir='ltr'><strong>dona,</strong></span> <span class='ocrx_word' id='word_1_74' title='bbox 467 1279 529 1338; x_wconf 83' lang='lat' dir='ltr'><strong>quae</strong></span> <span class='ocrx_word' id='word_1_75' title='bbox 551 1259 721 1329; x_wconf 83' lang='lat' dir='ltr'>attulerant,</span> <span class='ocrx_word' id='word_1_76' title='bbox 739 1260 770 1317; x_wconf 88' lang='lat' dir='ltr'><strong>in</strong></span> <span class='ocrx_word' id='word_1_77' title='bbox 789 1259 937 1337; x_wconf 68' lang='lat' dir='ltr'><strong>Capito-v</strong></span> 
     </span>
    </p>
   </div>
   <div class='ocr_carea' id='block_1_4' title="bbox 233 1335 923 2964">
    <p class='ocr_par' dir='ltr' id='par_1_4' title="bbox 234 1335 917 1481">
     <span class='ocr_line' id='line_1_14' title="bbox 235 1335 917 1419; baseline 0.004 -22"><span class='ocrx_word' id='word_1_78' title='bbox 235 1338 275 1397; x_wconf 93' lang='lat' dir='ltr'><strong>lio</strong></span> <span class='ocrx_word' id='word_1_79' title='bbox 300 1335 460 1419; x_wconf 81' lang='lat' dir='ltr'><strong>posuerunt.</strong></span> <span class='ocrx_word' id='word_1_80' title='bbox 482 1340 599 1399; x_wconf 79' lang='lat' dir='ltr'><strong>Prusias</strong></span> <span class='ocrx_word' id='word_1_81' title='bbox 612 1342 698 1404; x_wconf 87' lang='lat' dir='ltr'><strong>etiam</strong></span> <span class='ocrx_word' id='word_1_82' title='bbox 722 1337 813 1398; x_wconf 88' lang='lat' dir='ltr'><strong>filium</strong></span> <span class='ocrx_word' id='word_1_83' title='bbox 830 1361 917 1400; x_wconf 81' lang='lat' dir='ltr'><strong>suum</strong></span> 
     </span>
     <span class='ocr_line' id='line_1_15' title="bbox 234 1420 804 1481; baseline 0 -1"><span class='ocrx_word' id='word_1_84' title='bbox 234 1420 424 1480; x_wconf 84' lang='lat' dir='ltr'><strong>Nicomedem</strong></span> <span class='ocrx_word' id='word_1_85' title='bbox 448 1420 563 1481; x_wconf 84' lang='lat' dir='ltr'><strong>Senatui</strong></span> <span class='ocrx_word' id='word_1_86' title='bbox 585 1421 804 1481; x_wconf 87' lang='lat' dir='ltr'><strong>commendavit.</strong></span> 
     </span>
    </p>

    <p class='ocr_par' dir='ltr' id='par_1_5' title="bbox 233 1499 918 1748">
     <span class='ocr_line' id='line_1_16' title="bbox 275 1499 917 1581; baseline 0.008 -23"><span class='ocrx_word' id='word_1_87' title='bbox 275 1500 326 1559; x_wconf 86' lang='lat' dir='ltr'><strong>IX.</strong></span> <span class='ocrx_word' id='word_1_88' title='bbox 342 1499 503 1581; x_wconf 82' lang='lat' dir='ltr'><strong>Insequenti</strong></span> <span class='ocrx_word' id='word_1_89' title='bbox 514 1523 590 1560; x_wconf 89' lang='lat' dir='ltr'><strong>anno</strong></span> <span class='ocrx_word' id='word_1_90' title='bbox 601 1501 702 1562; x_wconf 73' lang='lat' dir='ltr'><strong>L&#39;ucius</strong></span> <span class='ocrx_word' id='word_1_91' title='bbox 712 1503 869 1564; x_wconf 83' lang='lat' dir='ltr'><strong>Mummius</strong></span> <span class='ocrx_word' id='word_1_92' title='bbox 883 1503 917 1563; x_wconf 86' lang='lat' dir='ltr'><strong>iu</strong></span> 
     </span>
     <span class='ocr_line' id='line_1_17' title="bbox 233 1580 918 1665; baseline 0.006 -25"><span class='ocrx_word' id='word_1_93' title='bbox 233 1580 373 1661; x_wconf 62' lang='lat' dir='ltr'><strong>Hispaniis</strong></span> <span class='ocrx_word' id='word_1_94' title='bbox 395 1581 467 1641; x_wconf 74' lang='lat' dir='ltr'><strong>bene</strong></span> <span class='ocrx_word' id='word_1_95' title='bbox 487 1585 632 1665; x_wconf 87' lang='lat' dir='ltr'><strong>pugnavit.</strong></span> <span class='ocrx_word' id='word_1_96' title='bbox 651 1583 803 1649; x_wconf 74' lang='lat' dir='ltr'><strong>Maecellus</strong></span> <span class='ocrx_word' id='word_1_97' title='bbox 819 1581 918 1663; x_wconf 78' lang='lat' dir='ltr'><strong>postea</strong></span> 
     </span>
     <span class='ocr_line' id='line_1_18' title="bbox 235 1660 780 1748; baseline 0.002 -27"><span class='ocrx_word' id='word_1_98' title='bbox 235 1660 348 1725; x_wconf 87' lang='lat' dir='ltr'><strong>Consul</strong></span> <span class='ocrx_word' id='word_1_99' title='bbox 358 1683 399 1721; x_wconf 84' lang='lat' dir='ltr'><strong>res</strong></span> <span class='ocrx_word' id='word_1_100' title='bbox 413 1660 519 1722; x_wconf 87' lang='lat' dir='ltr'><strong>ibidem</strong></span> <span class='ocrx_word' id='word_1_101' title='bbox 531 1663 673 1743; x_wconf 81' lang='lat' dir='ltr'><strong>prosperas</strong></span> <span class='ocrx_word' id='word_1_102' title='bbox 686 1666 780 1748; x_wconf 84' lang='lat' dir='ltr'><strong>gessit.</strong></span> 
     </span>
    </p>

    <p class='ocr_par' dir='ltr' id='par_1_6' title="bbox 233 1742 919 2942">
     <span class='ocr_line' id='line_1_19' title="bbox 275 1742 917 1807; baseline 0.009 -6"><span class='ocrx_word' id='word_1_103' title='bbox 275 1743 312 1803; x_wconf 88' lang='lat' dir='ltr'><strong>X.</strong></span> <span class='ocrx_word' id='word_1_104' title='bbox 331 1742 460 1803; x_wconf 82' lang='lat' dir='ltr'><strong>Tettium</strong></span> <span class='ocrx_word' id='word_1_105' title='bbox 480 1744 705 1805; x_wconf 86' lang='lat' dir='ltr'><strong>deindebellum</strong></span> <span class='ocrx_word' id='word_1_106' title='bbox 722 1765 819 1806; x_wconf 87' lang='lat' dir='ltr'><strong>contra</strong></span> <span class='ocrx_word' id='word_1_107' title='bbox 839 1745 917 1807; x_wconf 83' lang='lat' dir='ltr'><strong>Cat·</strong></span> 
     </span>
     <span class='ocr_line' id='line_1_20' title="bbox 235 1822 916 1904; baseline 0.006 -20"><span class='ocrx_word' id='word_1_108' title='bbox 235 1822 381 1901; x_wconf 60' lang='lat' dir='ltr'><strong>thaninem</strong></span> <span class='ocrx_word' id='word_1_109' title='bbox 406 1822 551 1904; x_wconf 84' lang='lat' dir='ltr'><strong>suscipitur</strong></span> <span class='ocrx_word' id='word_1_110' title='bbox 569 1871 578 1896; x_wconf 94' lang='lat'>,</span> <span class='ocrx_word' id='word_1_111' title='bbox 600 1847 655 1886; x_wconf 83' lang='lat' dir='ltr'><strong>uc.</strong></span> <span class='ocrx_word' id='word_1_112' title='bbox 680 1836 707 1887; x_wconf 93' lang='lat'>&amp;</span> <span class='ocrx_word' id='word_1_113' title='bbox 722 1827 815 1886; x_wconf 69' lang='lat' dir='ltr'><strong>‚altero</strong></span> <span class='ocrx_word' id='word_1_114' title='bbox 837 1850 916 1888; x_wconf 89' lang='lat' dir='ltr'><strong>auno</strong></span> 
     </span>
     <span class='ocr_line' id='line_1_21' title="bbox 235 1889 917 1981; baseline 0.003 -16"><span class='ocrx_word' id='word_1_115' title='bbox 235 1906 271 1965; x_wconf 91' lang='lat' dir='ltr'><strong>ab</strong></span> <span class='ocrx_word' id='word_1_116' title='bbox 286 1889 369 1967; x_wconf 79' lang='lat' dir='ltr'><strong>Urbe</strong></span> <span class='ocrx_word' id='word_1_117' title='bbox 392 1905 523 1977; x_wconf 70' lang='lat' dir='ltr'><strong>conditi,</strong></span> <span class='ocrx_word' id='word_1_118' title='bbox 546 1907 580 1966; x_wconf 93' lang='lat' dir='ltr'><strong>L.</strong></span> <span class='ocrx_word' id='word_1_119' title='bbox 598 1908 713 1967; x_wconf 89' lang='lat' dir='ltr'><strong>Manlio</strong></span> <span class='ocrx_word' id='word_1_120' title='bbox 733 1906 917 1981; x_wconf 81' lang='lat' dir='ltr'><strong>Censorino,</strong></span> 
     </span>
     <span class='ocr_line' id='line_1_22' title="bbox 235 1987 916 2060; baseline 0.007 -14"><span class='ocrx_word' id='word_1_121' title='bbox 235 1997 262 2046; x_wconf 71' lang='grc' dir='ltr'><strong>ὃ(</strong></span> <span class='ocrx_word' id='word_1_122' title='bbox 286 1987 388 2046; x_wconf 85' lang='lat' dir='ltr'>Marco</span> <span class='ocrx_word' id='word_1_123' title='bbox 408 1988 532 2047; x_wconf 89' lang='lat' dir='ltr'><strong>Manilio</strong></span> <span class='ocrx_word' id='word_1_124' title='bbox 550 1987 745 2060; x_wconf 86' lang='lat' dir='ltr'><strong>Consulibus,</strong></span> <span class='ocrx_word' id='word_1_125' title='bbox 767 2012 842 2049; x_wconf 88' lang='lat' dir='ltr'><strong>anno</strong></span> <span class='ocrx_word' id='word_1_126' title='bbox 855 2010 916 2052; x_wconf 70' lang='grc' dir='ltr'><strong>ιι.</strong></span> 
     </span>
     <span class='ocr_line' id='line_1_23' title="bbox 233 2065 914 2147; baseline 0.01 -23"><span class='ocrx_word' id='word_1_127' title='bbox 233 2065 381 2147; x_wconf 70' lang='lat' dir='ltr'><strong>postquam</strong></span> <span class='ocrx_word' id='word_1_128' title='bbox 395 2065 546 2128; x_wconf 86' lang='lat' dir='ltr'><strong>secundum</strong></span> <span class='ocrx_word' id='word_1_129' title='bbox 561 2069 700 2133; x_wconf 88' lang='lat' dir='ltr'><strong>Punicum</strong></span> <span class='ocrx_word' id='word_1_130' title='bbox 715 2070 820 2131; x_wconf 88' lang='lat' dir='ltr'><strong>bellum</strong></span> <span class='ocrx_word' id='word_1_131' title='bbox 832 2091 914 2131; x_wconf 85' lang='lat' dir='ltr'><strong>tran-</strong></span> 
     </span>
     <span class='ocr_line' id='line_1_24' title="bbox 234 2147 916 2231; baseline 0.009 -25"><span class='ocrx_word' id='word_1_132' title='bbox 234 2147 343 2208; x_wconf 75' lang='lat' dir='ltr'><strong>sactum</strong></span> <span class='ocrx_word' id='word_1_133' title='bbox 372 2167 438 2231; x_wconf 64' lang='lat' dir='ltr'><strong>erat.</strong></span> <span class='ocrx_word' id='word_1_134' title='bbox 466 2148 508 2211; x_wconf 87' lang='lat' dir='ltr'><strong>Hi</strong></span> <span class='ocrx_word' id='word_1_135' title='bbox 536 2149 673 2230; x_wconf 71' lang='lat' dir='ltr'><strong>ptofe&amp;i‚</strong></span> <span class='ocrx_word' id='word_1_136' title='bbox 706 2150 814 2216; x_wconf 80' lang='lat' dir='ltr'>Cartha</span> <span class='ocrx_word' id='word_1_137' title='bbox 837 2154 916 2212; x_wconf 90' lang='lat' dir='ltr'><strong>inem</strong></span> 
     </span>
     <span class='ocr_line' id='line_1_25' title="bbox 235 2174 917 2308; baseline 0.009 -21"><span class='ocrx_word' id='word_1_138' title='bbox 235 2250 309 2308; x_wconf 86' lang='lat' dir='ltr'><strong>oppu</strong></span> <span class='ocrx_word' id='word_1_139' title='bbox 332 2249 474 2289; x_wconf 83' lang='lat' dir='ltr'><strong>naverunt.</strong></span> <span class='ocrx_word' id='word_1_140' title='bbox 488 2230 598 2291; x_wconf 86' lang='lat' dir='ltr'>Contra</span> <span class='ocrx_word' id='word_1_141' title='bbox 609 2253 657 2291; x_wconf 90' lang='lat' dir='ltr'><strong>eos</strong></span> <span class='ocrx_word' id='word_1_142' title='bbox 670 2174 845 2302; x_wconf 74' lang='lat' dir='ltr'><strong>Hasdrubal,</strong></span> <span class='ocrx_word' id='word_1_143' title='bbox 857 2233 917 2294; x_wconf 82' lang='lat' dir='ltr'><strong>dux</strong></span> 
     </span>
     <span class='ocr_line' id='line_1_26' title="bbox 236 2251 916 2393; baseline 0.003 -22"><span class='ocrx_word' id='word_1_144' title='bbox 236 2251 533 2393; x_wconf 56' lang='lat' dir='ltr'><strong>Cartbaginiensium,</strong></span> <span class='ocrx_word' id='word_1_145' title='bbox 546 2312 721 2372; x_wconf 80' lang='lat' dir='ltr'><strong>dimicabat:</strong></span> <span class='ocrx_word' id='word_1_146' title='bbox 739 2314 761 2371; x_wconf 88' lang='lat' dir='ltr'>F</span> <span class='ocrx_word' id='word_1_147' title='bbox 762 2335 843 2373; x_wconf 87' lang='lat' dir='ltr'><strong>amea</strong></span> <span class='ocrx_word' id='word_1_148' title='bbox 857 2312 916 2373; x_wconf 81' lang='lat' dir='ltr'><strong>dux</strong></span> 
     </span>
     <span class='ocr_line' id='line_1_27' title="bbox 234 2391 916 2476; baseline 0.007 -26"><span class='ocrx_word' id='word_1_149' title='bbox 234 2394 321 2463; x_wconf 75' lang='lat' dir='ltr'><strong>aliun,</strong></span> <span class='ocrx_word' id='word_1_150' title='bbox 337 2394 473 2472; x_wconf 82' lang='lat' dir='ltr'><strong>equitatui</strong></span> <span class='ocrx_word' id='word_1_151' title='bbox 492 2413 604 2472; x_wconf 86' lang='lat' dir='ltr'><strong>praeetat</strong></span> <span class='ocrx_word' id='word_1_152' title='bbox 623 2391 916 2476; x_wconf 75' lang='lat' dir='ltr'><strong>Carthaginiensium.</strong></span> 
     </span>
     <span class='ocr_line' id='line_1_28' title="bbox 235 2473 918 2556; baseline -0.001 -20"><span class='ocrx_word' id='word_1_153' title='bbox 235 2473 331 2553; x_wconf 72' lang='lat' dir='ltr'><strong>S‘cipio</strong></span> <span class='ocrx_word' id='word_1_154' title='bbox 343 2492 424 2544; x_wconf 88' lang='lat' dir='ltr'><strong>tunc,</strong></span> <span class='ocrx_word' id='word_1_155' title='bbox 438 2473 577 2553; x_wconf 84' lang='lat' dir='ltr'><strong>Scipionis</strong></span> <span class='ocrx_word' id='word_1_156' title='bbox 588 2474 718 2536; x_wconf 82' lang='lat' dir='ltr'><strong>Africani</strong></span> <span class='ocrx_word' id='word_1_157' title='bbox 730 2496 838 2556; x_wconf 80' lang='lat' dir='ltr'><strong>nepos,</strong></span> <span class='ocrx_word' id='word_1_158' title='bbox 850 2476 918 2555; x_wconf 71' lang='lat' dir='ltr'><strong>Tri·</strong></span> 
     </span>
     <span class='ocr_line' id='line_1_29' title="bbox 235 2553 917 2637; baseline 0.001 -19"><span class='ocrx_word' id='word_1_159' title='bbox 235 2556 325 2618; x_wconf 84' lang='lat' dir='ltr'><strong>bunus</strong></span> <span class='ocrx_word' id='word_1_160' title='bbox 351 2553 391 2613; x_wconf 91' lang='lat' dir='ltr'><strong>ibi</strong></span> <span class='ocrx_word' id='word_1_161' title='bbox 417 2555 560 2616; x_wconf 87' lang='lat' dir='ltr'><strong>militabat</strong></span> <span class='ocrx_word' id='word_1_162' title='bbox 585 2579 592 2614; x_wconf 92' lang='lat'>:</span> <span class='ocrx_word' id='word_1_163' title='bbox 617 2553 697 2634; x_wconf 86' lang='lat' dir='ltr'><strong>hujus</strong></span> <span class='ocrx_word' id='word_1_164' title='bbox 717 2555 792 2637; x_wconf 85' lang='lat' dir='ltr'><strong>apud</strong></span> <span class='ocrx_word' id='word_1_165' title='bbox 816 2569 917 2619; x_wconf 83' lang='lat' dir='ltr'><strong>omnes</strong></span> 
     </span>
     <span class='ocr_line' id='line_1_30' title="bbox 236 2638 917 2718; baseline 0.006 -24"><span class='ocrx_word' id='word_1_166' title='bbox 236 2638 335 2718; x_wconf 86' lang='lat' dir='ltr'><strong>ingens</strong></span> <span class='ocrx_word' id='word_1_167' title='bbox 360 2655 449 2697; x_wconf 86' lang='lat' dir='ltr'><strong>metus</strong></span> <span class='ocrx_word' id='word_1_168' title='bbox 472 2639 672 2698; x_wconf 82' lang='lat' dir='ltr'><strong>&amp;reverentia</strong></span> <span class='ocrx_word' id='word_1_169' title='bbox 696 2657 762 2698; x_wconf 82' lang='lat' dir='ltr'><strong>etat</strong></span> <span class='ocrx_word' id='word_1_170' title='bbox 786 2638 866 2698; x_wconf 84' lang='lat' dir='ltr'><strong>Nam</strong></span> <span class='ocrx_word' id='word_1_171' title='bbox 888 2647 917 2698; x_wconf 74' lang='grc' dir='ltr'><strong>δι</strong></span> 
     </span>
     <span class='ocr_line' id='line_1_31' title="bbox 236 2716 916 2798; baseline 0.006 -23"><span class='ocrx_word' id='word_1_172' title='bbox 236 2718 423 2798; x_wconf 82' lang='lat' dir='ltr'><strong>paratissimus</strong></span> <span class='ocrx_word' id='word_1_173' title='bbox 446 2716 482 2777; x_wconf 92' lang='lat' dir='ltr'><strong>ad</strong></span> <span class='ocrx_word' id='word_1_174' title='bbox 504 2717 723 2791; x_wconf 88' lang='lat' dir='ltr'><strong>dimicandum,</strong></span> <span class='ocrx_word' id='word_1_175' title='bbox 743 2728 771 2779; x_wconf 79' lang='grc' dir='ltr'><strong>δι</strong></span> <span class='ocrx_word' id='word_1_176' title='bbox 797 2719 916 2779; x_wconf 89' lang='lat' dir='ltr'><strong>consul-</strong></span> 
     </span>
     <span class='ocr_line' id='line_1_32' title="bbox 235 2795 919 2942; baseline 0.004 -84"><span class='ocrx_word' id='word_1_177' title='bbox 235 2798 361 2864; x_wconf 79' lang='lat' dir='ltr'><strong>tissimus</strong></span> <span class='ocrx_word' id='word_1_178' title='bbox 376 2795 538 2860; x_wconf 82' lang='lat' dir='ltr'><strong>habebatut.</strong></span> <span class='ocrx_word' id='word_1_179' title='bbox 559 2799 659 2882; x_wconf 88' lang='lat' dir='ltr'><strong>Itaque</strong></span> <span class='ocrx_word' id='word_1_180' title='bbox 676 2821 724 2883; x_wconf 84' lang='lat' dir='ltr'><strong>pet</strong></span> <span class='ocrx_word' id='word_1_181' title='bbox 745 2821 810 2860; x_wconf 85' lang='lat' dir='ltr'><strong>eum</strong></span> <span class='ocrx_word' id='word_1_182' title='bbox 826 2802 919 2942; x_wconf 56' lang='lat' dir='ltr'><strong>nium</strong></span> 
     </span>
    </p>

    <p class='ocr_par' dir='ltr' id='par_1_7' title="bbox 790 2883 923 2964">
     <span class='ocr_line' id='line_1_33' title="bbox 790 2883 923 2964; baseline 0.015 -24"><span class='ocrx_word' id='word_1_183' title='bbox 790 2902 841 2963; x_wconf 82' lang='lat' dir='ltr'><strong>pto</strong></span> <span class='ocrx_word' id='word_1_184' title='bbox 856 2883 923 2964; x_wconf 66' lang='lat' dir='ltr'><strong>perb</strong></span> 
     </span>
    </p>
   </div>
   <div class='ocr_carea' id='block_1_5' title="bbox 0 0 1035 3628">
    <p class='ocr_par' dir='ltr' id='par_1_8' title="bbox 0 0 1035 3628">
     <span class='ocr_line' id='line_1_34' title="bbox 0 0 1035 3628; baseline 0 0"><span class='ocrx_word' id='word_1_185' title='bbox 0 0 1035 3628; x_wconf 95' lang='lat' dir='ltr'><strong> </strong></span> 
     </span>
    </p>
   </div>
  </div>
 </body>
</html>
