1972 3624
238 252 629 322 Buranun-ruat.
709 275 776 344 357

94 368 168 427 uitta
186 366 319 431 Rhenum
339 374 437 453 positis
455 374 582 432 conflixit
597 396 603 430 :
618 374 647 431 in
671 372 781 432 Britan·

72 452 175 516 ‘niam
203 457 329 512 transivit
353 478 359 510 :
382 453 493 513 decimo
521 476 596 513 anno
617 454 726 514 Gallius
752 463 780 513 dc

42 591 45 595 ,
97 530 256 593 Britannias
280 536 441 593 tributarias
464 534 539 594 fecit.
560 536 632 594 Sunt
655 537 684 593 in
706 534 781 594 Gal-

97 609 159 682 lia,
181 614 356 694 Aquitanniit
377 624 404 674 δι
427 615 606 684 Britanniis,
633 615 729 673 decem
753 623 781 674 &

92 695 168 755 odio
182 697 333 773 provincia
349 721 355 753 :
371 697 457 776 Alpes
471 698 643 764 maritimae,
665 698 782 775 provin-

32 806 36 812 -
67 775 70 779 ’
100 777 143 832 tia
163 773 383 846 Narbonensis,
403 778 598 846 Viennensis,
615 777 783 856 Novempo-

43 873 45 876 ·
99 855 235 935 polana,
268 861 428 938 Aquitaniae
456 854 548 926 duas,
582 856 783 938 Lugdunenses
831 858 835 869 ‘

102 936 186 1008 duae‘,
211 937 298 1019 Alpes
325 939 448 1008 Graiae,
473 939 604 997 Maxima
631 938 781 1016 Sequano-

102 1038 190 1088 rum,
209 1018 375 1088 ,Germania
398 1020 483 1088 duae,
508 1019 628 1101 Belgica
647 1019 706 1077 duae
728 1043 734 1074 :
754 1021 784 1077 in

10 1128 14 1135 .
102 1097 248 1159 Britanni&
272 1102 404 1160 Maxima
429 1098 637 1170 Caesariensis,
653 1100 785 1171 >Flavia,

102 1179 247 1248 Britannia
266 1185 380 1261 prima,
400 1182 548 1240 Britannia
567 1179 697 1239 secunda.
770 1234 774 1255 ι

62 1276 66 1282 ’
90 1292 98 1325 1
145 1261 214 1321 VII.
235 1262 378 1343 Illyricum
395 1262 434 1321 ab
456 1260 506 1321 ori
528 1260 671 1320 maritimi
689 1261 786 1341 paula-

88 1344 159 1401 'tim
179 1343 302 1426 adgressi
321 1340 425 1403 sumus.
449 1344 578 1402 Laevinus
603 1340 700 1401 consul
718 1342 785 1401 Ha-

107 1422 256 1483 driaticum
274 1435 357 1505 atque
379 1425 493 1485 Ionium
516 1443 594 1483 mare
618 1426 724 1502 primus
742 1427 788 1484 iu-

106 1501 230 1588 gressus,
245 1508 399 1565 maritimas
418 1506 542 1564 obtinuit
555 1506 690 1563 civitates.
710 1509 788 1564 Creta

106 1607 156 1666 per
174 1586 324 1645 Metellum
346 1583 567 1667 proconsulem,
590 1588 639 1665 qui
658 1586 789 1646 Creticus

17 1682 23 1693 ’
109 1665 197 1726 disius
220 1666 280 1737 est,
302 1671 448 1747 provincia
469 1666 543 1727 fasta
563 1664 609 1725 est.
635 1667 738 1726 Graecis
759 1669 789 1726 in

111 1745 195 1807 fidem
207 1747 330 1808 nostram
341 1748 585 1830 confugientibus,
601 1747 637 1805 ad
647 1745 790 1808 Achaiam
878 1812 885 1826 ,

109 1832 285 1889 accessimus.
304 1826 511 1898 Athenienses,
538 1827 667 1889 aduersus
685 1826 792 1908 Philip·

131 1931 201 1981 um,
223 1909 418 1969 Macedonum
440 1930 561 1991 regem,
582 1909 719 1967 auxilium
738 1931 793 1967 no-

44 2059 48 2067 t
110 1930 199 2050 hrum
220 1995 366 2071 petierunt.
390 1990 492 2049 Libera
514 1989 564 2048 diu
587 1987 636 2049 sub
662 1992 793 2050 amicitiis

86 2103 89 2110 ·
112 2072 215 2133 nostris
228 2070 341 2133 Achaia
358 2070 412 2130 suit
430 2093 436 2127 ε
455 2071 491 2129 ad
516 2090 670 2129 extremum
693 2072 794 2153 legatis

112 2154 313 2213 Romanorum
343 2152 416 2233 apud
441 2150 617 2212 Corinthum
643 2151 758 2210 vioiatis
781 2197 793 2222 ,

114 2256 165 2315 per
178 2236 211 2293 L.
228 2235 405 2294 Mummium
425 2231 630 2312 proconsulem>
642 2231 724 2312 capti
737 2228 799 2291 Co.

114 2314 234 2385 rintho,
254 2315 364 2375 Achaia
383 2317 477 2375 omnis
495 2315 611 2372 obtenta
628 2311 675 2370 est.
698 2314 797 2386 Epiro·

10 2432 29 2485 .‘
116 2415 178 2468 tce,
211 2399 261 2477 qui
291 2393 444 2476 aliquandi)
471 2416 536 2454 cum
564 2414 629 2475 rege
654 2391 795 2472 Pyrrho,

116 2480 205 2536 eriam
223 2478 258 2536 ad
275 2478 388 2536 Italiam
408 2479 522 2534 transire
544 2471 798 2556 praesumpserant,

117 2562 186 2619 vieti
202 2583 212 2614 .:
232 2579 315 2639 atque
331 2553 502 2628 Thessaliae,
520 2557 603 2616 simui
620 2576 684 2614 cum
704 2552 797 2614 Achi-

79 2686 83 2693 .
119 2661 220 2707 uorum
243 2649 269 2699 δι
289 2638 483 2698 Macedonum
505 2637 690 2719 regionibus,
717 2637 800 2695 nobis

120 2717 296 2780 accesserunt.
316 2722 479 2778 Macedonia
496 2738 537 2777 ter
557 2717 725 2786 rebellarim
750 2715 800 2774 sub

120 2799 277 2882 Phiiippo,
296 2799 347 2861 sub
361 2798 465 2869 Perse,
489 2797 540 2859 sub
553 2796 800 2881 Pseudophilippo.
