1972 3624
242 278 310 343 292
361 251 489 324 Aur.
518 254 798 326 Vrcronrs

239 377 326 434 recias
348 375 465 454 protulit
485 372 536 434 suo
555 377 682 434 nomine.
703 376 810 446 Auxit,
832 393 902 435 orna·

237 459 335 537 vitque
353 456 479 515 Romam
499 453 625 515 aedificiis
643 457 758 528 multis,
781 454 829 514 isto
850 457 902 538 glo·
963 458 964 487 ³

239 538 315 597 riam
335 536 433 607 dicto,
450 536 562 598 Urbem
578 536 731 596 lateritiam
752 538 851 618 reperi,
868 558 903 595 rc·
963 572 964 589 2

238 618 338 697 linquo
363 638 564 677 marmoream.
589 618 654 676 Fuit
678 619 780 686 mitis,
803 637 904 700 gratus,
963 600 964 643 l

222 699 331 763 vcivilis
349 699 440 757 animi
459 707 487 758 δε
507 697 617 779 lepidi,
639 719 755 778 corpote
773 718 832 758 toto
849 698 903 777 pul·

240 775 337 848 cher,
364 776 414 838 secl
433 779 522 838 oculis
550 781 652 862 magis.
674 780 805 856 Quorum
830 782 905 838 aciem
963 778 964 849 l

237 860 459 920 clarissimorum
481 859 601 919 siderum
624 860 713 919 modo
735 861 862 930 vibrans,
877 861 906 917 li-
947 854 964 915 ’ἶ

239 940 339 1009 benter
369 940 526 1019 accipiebat
553 940 615 1000 cedi
648 941 685 1000 ab
717 941 906 1001 intendentibus
963 935 964 989 l

239 1041 377 1103 tanquam
397 1020 472 1082 Solis
490 1021 575 1081 radiis
595 1019 718 1102 aspediui
739 1019 797 1081 suo.
819 1023 844 1081 A
862 1042 906 1080 cu·
963 1020 964 1041 ³

239 1108 284 1184 jus
304 1101 376 1162 facie
400 1101 465 1163 crim
484 1102 604 1183 quidam
625 1104 705 1162 miles
726 1104 820 1163 oculos
836 1123 906 1162 aver·

241 1204 334 1256 teret,
351 1193 378 1245 δι
395 1186 612 1268 interrogaretur
630 1185 667 1244 ab
686 1205 742 1253 eo,
761 1205 808 1243 cur
825 1186 860 1243 ita
871 1181 909 1242 fa·
963 1198 964 1255 ξ

242 1285 337 1336 cerer,
358 1262 529 1346 respondit:
552 1265 630 1342 Quia
646 1264 758 1325 vfulmen
779 1265 908 1324 oculorum
963 1264 964 1335 l

241 1366 356 1407 tuorum
375 1345 447 1406 ferre
468 1367 526 1407 non
546 1343 667 1426 poliunt.
690 1346 753 1406 Nec
773 1366 860 1406 tamen
875 1347 910 1403 vir
963 1348 964 1411 l

241 1438 349 1491 tantus
362 1429 437 1486 vitiis
468 1429 567 1486 caruit.
591 1428 655 1487 Fuit
679 1429 757 1486 enim
783 1423 910 1508 paulultim
963 1422 964 1501 l

242 1510 414 1588 impatiens,
433 1507 530 1567 leviter
549 1508 722 1578 iracundus,
741 1509 845 1568 occulti
869 1510 911 1566 in-
963 1520 964 1577 l

244 1589 347 1660 vidus,
370 1586 463 1669 pallum
481 1587 636 1661 fastiosus3
652 1589 739 1670 porrb
759 1609 845 1649 autem
861 1587 911 1647 do·
963 1588 964 1657 l

243 1669 398 1740 minandi,
423 1667 504 1750 supra
532 1668 618 1750 quim
649 1670 778 1730 aestimari
808 1667 912 1751 potest,
963 1664 964 1723 l

244 1751 425 1815 avidissimus·
449 1796 459 1821 ,
493 1749 712 1812 studiosissimus
743 1753 807 1811 aleae
838 1747 911 1810 lusor.
963 1744 964 1809 ἒ

245 1833 382 1914 Cumque
401 1827 467 1891 effet
489 1833 546 1891 cibi
568 1855 601 1893 ac
624 1835 685 1892 vini
706 1832 845 1903 multum,
866 1832 913 1890 ali·
963 1822 964 1897 l

246 1935 385 1997 quatenus
405 1909 473 1975 verb
494 1911 588 1973 somni
611 1912 773 1986 abstinens,
794 1912 915 1973 serviebat
963 1902 964 1955 l

247 2015 346 2056 tamen
362 1992 476 2054 libidini
489 1992 576 2077 usque
596 1993 632 2054 ad
655 1996 789 2075 probrum
806 1994 915 2077 vulgatis

247 2075 342 2138 famae.
370 2075 449 2137 Nam
476 2077 548 2135 inter
578 2075 729 2136 duodecim
757 2078 915 2142 catamitos,
963 2102 964 2109 ¹

249 2157 426 2238 totidemque
446 2157 551 2237 puellas
562 2203 576 2229 ,
592 2158 727 2217 accubare
747 2154 844 2217 solitus
861 2172 916 2213 erat.
963 2158 964 2233 g

249 2237 371 2318 Abjeul
395 2259 509 2318 quoque
531 2259 616 2297 uxore
639 2238 810 2308 Scribonii,
835 2253 918 2297 amore
963 2242 964 2253 ¹

249 2321 349 2381 alienae
377 2321 506 2401 conjugis
530 2316 682 2401 pollellus,
714 2320 827 2379 Liviam
870 2315 919 2376 uari
963 2336 964 2399 j

250 2404 357 2463 marito
376 2399 553 2463 ‘concedente
576 2402 630 2460 ribi
658 2403 811 2478 conjunxit.
844 2340 920 2538 dupin
963 2456 964 2477 ξ

251 2485 340 2547 Liviae
362 2486 420 2562 jam
443 2500 521 2541 etant
542 2480 593 2541 lilii
613 2481 746 2541 Tiberius
768 2491 796 2541 &
815 2482 919 2541 Diuus.
963 2491 964 2559 l

254 2564 388 2645 Cquue
410 2559 477 2625 ellet
503 2564 618 2623 luxuriae
645 2560 785 2632 serviens,
808 2581 866 2622 emt
886 2578 921 2618 ta·
963 2568 964 2639 ᾖ

254 2667 321 2709 men
336 2643 460 2724 ejusdem
472 2646 536 2704 vitii
549 2643 735 2704 severissimus
748 2644 839 2715 ultor,
857 2657 921 2702 more
963 2652 964 2697 l

255 2722 427 2868 pomum,
445 2728 496 2806 qui
515 2727 545 2784 in
564 2724 729 2784 ulciscendis
748 2726 846 2795 vitiis,
866 2721 921 2802 qui·

277 2827 307 2868 us
325 2810 378 2888 ipsi
389 2803 568 2869 vehementer
580 2806 753 2890 indulgent,
770 2826 850 2866 acres
862 2801 922 2864 sunt
