2056 3628
305 277 602 350 LtuunIV.
753 301 795 373 45

112 395 241 458 Consule
259 396 398 459 Cornelio
418 398 549 477 Scipione
572 398 688 499 ingentiA
704 401 800 480 praelio

113 477 190 538 fusus
204 477 253 538 est.
268 478 386 538 Auxilio
400 478 454 540 fuit
464 479 603 539 Romanis
615 482 645 540 in
659 501 693 539 ca
704 481 801 565 pugni

112 559 278 630 Eumenes,
300 559 390 620 Attali
407 561 479 644 regis
499 559 604 633 frater,
626 563 676 643 qui
692 561 800 621 Eume-

113 642 194 699 niam
218 644 249 700 in
273 638 399 724 Phrygii
422 641 558 703 condidit.
582 641 800 725 Quinquaginta

115 723 208 781 millia
223 720 372 801 peditum,
389 724 441 781 tria
458 744 473 781 e
495 724 585 782 uitum
598 743 633 782 eo
650 726 801 784 certamine

115 823 149 860 ex
171 823 249 882 parte
269 805 343 885 regis
361 802 455 864 occisa
473 744 545 862 lirun
566 802 645 862 Tum
665 826 712 863 rex
734 806 800 865 An-

116 880 230 944 tiochus
249 905 348 963 pacem
369 886 450 962 petiit
461 907 471 955 3
495 905 556 964 quat
575 882 675 945 iisdem
696 885 800 945 condi·
825 896 829 903 “

116 965 244 1024 tionibus
276 964 341 1024 data
367 962 406 1023 est
436 968 453 1024 ‘a
478 964 606 1035 Senatu,
637 988 712 1047 quan
735 988 801 1028 uam

116 1046 196 1107 vitio
212 1093 224 1115 ,
274 1046 355 1105 uibus
381 1047 447 1107 ante
470 1042 640 1107 offerebatur
663 1071 670 1103 ε
732 1066 744 1105 t
768 1072 802 1109 ex

16 1204 24 1213 ¹
117 1125 232 1201 Europd
322 1126 399 1193 Asia
427 1130 590 1196 recederet,
623 1144 700 1204 atque
727 1127 803 1190 intra

124 1207 247 1270 Taurum
255 1206 287 1285 se
304 1211 473 1278 contineret,
496 1212 585 1272 decem
600 1209 693 1273 millia
711 1210 802 1269 talen-

118 1304 231 1359 torum,
249 1285 276 1350 &
291 1291 395 1368 viginti
404 1290 511 1351 obsides
525 1289 672 1363 preberet,
689 1289 805 1355 Hanni·

118 1368 209 1429 halem
236 1372 426 1429 concitatorem
448 1370 514 1430 belli
542 1374 655 1430 dederet.
680 1370 803 1433 Eumeni

118 1452 183 1532 regi
206 1450 316 1510 donata
340 1448 404 1511 sunt
432 1448 449 1509 it
476 1451 580 1511 Senatu
604 1472 703 1511 omnes
728 1453 804 1514 Asiae

119 1532 271 1601 civitates,
297 1552 366 1611 quas
388 1530 547 1593 Antiochus
570 1531 646 1591 bello
669 1531 802 1611 perdide-

118 1631 188 1671 rat:
210 1622 238 1673 δι
259 1609 403 1683 Rhodiis,
431 1614 481 1693 qui
505 1614 640 1673 auxilium
664 1613 805 1675 Romanis

121 1713 221 1754 contra
239 1714 334 1776 regem
349 1691 524 1754 Antiochum
544 1694 686 1763 tulerant,
711 1696 806 1755 multae

89 1812 97 1825 ι
120 1774 204 1836 urbes
233 1771 364 1835 concellae
388 1773 459 1834 sunt.
484 1776 581 1855 Scipio
604 1774 729 1834 Romam
756 1796 803 1834 te-

122 1855 200 1926 diit,
222 1858 332 1939 ingenti
354 1853 445 1938 gloria
467 1853 650 1934 triumphavit
670 1878 676 1919 ;
699 1877 807 1916 nomen

121 1945 150 1996 &
165 1935 245 2016 ipse,
265 1940 302 1998 ad
319 1939 509 2005 imitationem
524 1935 636 2007 fratris,
656 1934 806 2018 Asiagenis
823 1984 824 1991 ,

121 2020 254 2098 accepit,
276 2020 366 2100 [quia
380 2019 478 2082 Asiam
498 2020 628 2080 vicerat:
648 2017 729 2076 sicuti
751 2016 808 2078 fra-

121 2118 165 2158 ter
196 2100 304 2178 ipsius,
336 2120 446 2178 propter
472 2097 601 2163 Africam
632 2095 806 2172 domitam,

122 2179 277 2243 Africanus
293 2179 520 2260 appellabatur.]
605 2184 607 2191 '
663 2171 678 2193 ⁸

165 2261 206 2319 V.
228 2261 329 2339 Spurio
347 2259 491 2320 Postumio
513 2260 644 2328 Albino,
668 2260 707 2336 Q,
729 2261 809 2326 Mar·
877 2263 879 2267 ’

125 2343 171 2404 cio
193 2339 326 2422 Philippo
347 2340 549 2411 Consulibus,
572 2341 617 2401 M.
640 2341 753 2402 fulvius
773 2341 809 2402 de

124 2423 235 2490 AEtolis
258 2420 449 2503 triumphavit.
471 2421 642 2490 Hannibal,
663 2423 713 2501 qui
731 2424 810 2482 vitio

125 2502 273 2564 Antiocho
293 2550 302 2576 ,
322 2525 367 2575 ,ne
395 2503 533 2564 Romanis
561 2501 741 2573 traderetur,
771 2503 809 2564 ad

125 2586 279 2656 Prusiam,
302 2583 440 2666 Bithyniae
458 2605 578 2651 recem,
606 2580 738 2662 fugerat,
760 2605 808 2643 re·
852 2636 856 2641 .

126 2668 229 2747 petitus
249 2668 335 2726 etiam
354 2668 391 2725 ab
411 2688 445 2724 eo
471 2636 510 2724 eft
530 2685 578 2744 pet
594 2661 694 2720 Titum
711 2663 808 2740 Quin-

126 2750 198 2809 tium
213 2748 406 2814 Flamininum
423 2771 430 2804 :
445 2755 495 2817 &‚
516 2743 577 2810 crim
594 2742 742 2806 tradendus
761 2746 809 2806 es·

127 2827 171 2891 set
195 2829 361 2901 Romanis,
385 2848 526 2890 vencnum
551 2825 649 2897 bibit,
681 2834 709 2893 &
738 2826 812 2910 apud
