2056 3628
265 258 450 328 Lisai<
487 260 570 330 IV.
714 283 754 350 51

75 378 204 441 Romanis
219 375 373 454 placuiffe,
393 380 583 454 imperatorem
599 376 618 439 tl
629 378 694 458 fitis
707 381 760 439 mi-

76 463 165 522 litibus
192 461 322 539 interfici.

110 540 210 605 XVII.
230 543 357 620 Quintus
377 541 530 624 Pompeius
550 539 653 604 deinde
677 543 760 606 Con·

76 624 113 686 sul
135 625 152 685 *a
171 625 382 696 Numantinis,
405 645 467 706 quat
490 622 637 707 Hispaniae
657 628 761 686 civitas

75 707 126 767 luit
137 707 371 788 opulentIssima,
385 703 545 787 superatus,
560 728 659 788 pacem
674 707 683 766 i
705 730 760 767 no-

75 790 159 848 bilem
168 787 248 850 fecit.
262 786 329 848 Post
340 809 406 847 eum
418 787 509 849 Caius
522 787 661 850 Hostilius
708 811 760 850 an-

76 873 151 931 tinus
171 868 285 932 Consul
302 872 404 930 iterum
422 891 488 930 cum
502 870 690 931 Numantinis
702 891 762 952 pa·

76 973 136 1011 cem
152 952 223 1012 fecit
241 950 380 1011 infamem
392 974 402 1022 3
416 972 504 1033 quam
518 952 643 1035 Populus
663 961 691 1012 bc
707 953 759 1013 Se·

14 1100 15 1105 1
76 1054 156 1094 natus
178 1034 260 1113 jussit
282 1032 424 1117 infringi,
442 1053 528 1115 atque
549 1032 643 1115 ipsum
665 1035 759 1094 Man·

77 1119 171 1176 einum
198 1110 327 1175 hostibus
349 1112 449 1175 tradit
471 1133 502 1177 ut
522 1116 552 1176 in
574 1115 650 1186 illo,
673 1135 761 1196 quem

77 1201 221 1258 auctorem
242 1194 355 1256 foedetis
378 1193 539 1269 habebant,
556 1198 690 1278 injuriam
708 1194 760 1256 so·

77 1279 128 1338 luti
142 1277 259 1339 foedetis
270 1277 456 1339 vindicarent
468 1276 536 1337 Post
550 1297 661 1340 tantam
677 1279 763 1362 igitur

78 1360 270 1443 ignominiam
278 1404 288 1431 ,
296 1356 377 1441 quii
387 1359 572 1420 Numantinis
583 1360 627 1420 bis
635 1359 764 1421 Romani

78 1442 215 1501 exercitus
229 1439 339 1501 fuerant
355 1437 518 1525 subjugati,
537 1441 654 1502 Publius
665 1442 776 1523 Scipio,

77 1522 253 1593 Africanus,
282 1518 407 1582 secundi)
443 1519 555 1584 Consul
581 1521 696 1595 fastus,
725 1522 763 1584 ad

77 1604 270 1664 Numantiam
287 1599 381 1664 miffus
395 1600 442 1663 est.
456 1605 484 1664 Is
501 1603 623 1684 ptimtim
639 1605 762 1664 militem

77 1682 216 1746 vitiosum
244 1693 273 1745 &
300 1686 465 1769 ignauum,
492 1684 647 1746 exercendo
669 1689 765 1770 magis

80 1766 167 1849 quim
176 1764 338 1845 puniendo,
350 1769 410 1827 sine
423 1766 519 1848 aliqui
531 1767 682 1827 acerbitate
694 1788 763 1827 cot-

79 1851 159 1908 texit.
168 1845 248 1907 Tum
259 1848 362 1908 multas
371 1847 519 1929 Hispaniae·
527 1850 654 1909 clvitates
663 1851 766 1929 partim

80 1930 158 1989 bello
177 1930 266 2027 cefit,
284 1931 386 2009 partim
403 1931 434 1989 in
452 1929 628 1990 deditionem
646 1932 764 2010 accepit.

80 2009 229 2071 Postremo
238 2007 329 2090 ipsam
345 2011 535 2071 Numantiam
546 2012 595 2071 diu
607 2007 766 2083 obsellam,

81 2092 161 2154 fame
178 2090 317 2164 confecit,
332 2091 392 2153 &a
412 2090 474 2153 solo
491 2095 610 2153 evertit:
626 2094 766 2176 reliquam

80 2175 262 2255 provinciam
283 2175 314 2233 in
330 2172 416 2233 fidem
436 2177 553 2255 accepit.

99 2306 102 2315 .
122 2253 240 2316 XVIII.
256 2255 302 2315 Eo
316 2274 445 2336 tempore
464 2256 575 2316 Attalus
592 2255 654 2315 Rex
670 2254 767 2328 Asia,

81 2335 169 2397 fratet
192 2335 352 2408 Eumenis,
375 2355 522 2409 mortuus,
548 2335 686 2397 haeredem
735 2359 770 2396 o-

83 2419 186 2499 pulum
201 2416 367 2478 Romanum
383 2419 564 2500 reliquit.,Ita
578 2421 699 2500 imperio
711 2359 772 2479 Ilo-

82 2520 174 2560 mano
210 2519 239 2558 et
256 2497 453 2560 testamentum
473 2500 544 2560 Asia
564 2503 690 2561 accessit.

123 2580 169 2641 XI
208 2581 303 2643 .Mox
324 2583 411 2641 etiam
427 2582 566 2642 Decimus
587 2582 686 2643 Iunius
703 2580 775 2641 Bru·

81 2681 127 2722 tus
151 2660 188 2722 de
216 2662 350 2723 Gallaecis
372 2664 563 2723 &Lusitanis
587 2660 773 2742 triumphavit

81 2742 192 2828 magni
212 2742 305 2888 {lma
328 2765 335 2800 t
360 2745 523 2804 &Publius
543 2744 639 2826 Scipio
659 2744 773 2805 Africa-

80 2847 134 2889 nus
158 2825 193 2887 de
245 2826 402 2888 umantinis
421 2824 771 2986 secundumgtiithmphum
