1982 3614
208 204 273 260 oe
303 194 643 262 GAEsARraus
696 190 762 283 255‘

122 311 235 373 XXV.
257 313 389 394 Namque
409 312 497 373 Caius
516 312 605 373 Julius
623 312 764 373 Maximi*

80 416 157 466 nus,
175 394 324 476 presidens
343 396 384 453 rei
399 393 526 464 beilicae,
545 396 650 472 primus
665 394 680 452 ὲ
695 396 768 454 mili-

81 477 214 545 taribus,
237 476 392 535 littetarum
413 475 469 534 fere
492 473 585 545 rudis,
611 479 768 554 potentiam

83 559 160 636 cepit
194 553 333 638 suffragiis
370 558 523 639 legionum.
555 555 643 631 Quod
672 576 768 617 tamen

83 640 174 697 etiam
188 637 306 707 Patres,
325 635 393 696 dum
410 634 593 717 periculosum
611 634 770 698 existimant

82 721 209 777 inermes
230 736 340 776 armato
360 715 504 787 resistere,
524 718 745 797 approbaverunt
756 742 767 790 3

82 795 219 880 filiusque
251 803 307 877 ejus
332 801 400 877 pari*
417 799 533 857 nomine
565 797 652 859 Caius
680 800 769 861 Julius

81 881 265 941 Maximinus
284 875 381 939 Cesar
402 878 491 938 fadus
511 877 557 937 est.
691 870 709 891 '

125 959 258 1027 XXVI.
274 958 347 1036 Quis
360 960 505 1018 biennium
521 958 638 1020 summis
652 963 747 1041 potitis
756 962 766 1034 3

84 1038 164 1100 baud
183 1040 367 1100 incommode
381 1041 479 1120 proelio
497 1039 574 1122 gesto
589 1060 686 1101 eontra
699 1043 771 1103 Ger·

84 1144 191 1182 manos
202 1169 212 1191 ,
229 1123 339 1201 repente
349 1121 510 1181 Antoninus
521 1121 682 1182 Gordianus
692 1123 770 1183 Afri-

84 1220 124 1261 cae
145 1200 301 1262 Proconsul
317 1248 327 1272 ,
346 1203 381 1261 ab
401 1204 524 1261 exercitu
543 1203 675 1283 Princeps
696 1203 769 1282 apud

83 1281 203 1363 Thydri
219 1283 355 1364 oppidum
370 1282 468 1344 absens
483 1280 523 1341 iit.
538 1281 606 1361 Qud
623 1303 654 1342 ut
667 1287 770 1346 accitus

84 1366 240 1445 pervenit,
264 1383 410 1444 tamquam
432 1362 464 1422 eit
488 1384 516 1421 re
541 1383 646 1424 creatus
673 1364 769 1438 foret,

86 1443 227 1505 seditione
246 1447 401 1525 excipitur:
419 1443 475 1526 qui
492 1444 577 1505 leniti
593 1444 676 1506 facile
696 1446 770 1509 Car-

86 1524 237 1609 thaginem
259 1531 336 1606 petit.
355 1526 400 1586 Ibi
419 1525 483 1586 etim
501 1527 654 1589 avertendis
673 1528 770 1608 prodi-

86 1610 165 1690 giis,
180 1628 302 1687 quorum
320 1626 396 1667 metu
409 1605 484 1668 haud
498 1612 580 1670 inane
593 1610 768 1692 angebatur,

86 1708 151 1748 rem
171 1687 296 1748 divinam
313 1687 402 1750 solitis
417 1701 536 1774 ageret,
553 1691 665 1771 repente
679 1688 769 1750 hostia

86 1787 200 1851 partum
224 1769 318 1829 edidit.
342 1769 376 1830 Id
403 1768 584 1850 haruspices,
606 1790 689 1851 atque
710 1769 768 1850 ipse

86 1851 238 1919 maximi,
259 1872 326 1911 nam
350 1848 431 1930 hujus
451 1850 571 1910 scientia
592 1848 643 1910 usu
665 1854 769 1911 immo-

87 1931 151 1992 dice
166 1932 285 2010 prudens
296 1950 375 2003 etat,
392 1936 430 1992 ita
445 1931 572 2011 accepere
584 1977 593 2001 ,
607 1931 687 1991 illum
699 1953 770 2013 quo-

87 2033 145 2094 que
161 2010 327 2072 destinatum
344 2015 424 2082 neci,
437 2012 533 2073 renim
551 2013 767 2093 liberisparitu-

87 2114 153 2153 rum
170 2097 341 2173 imperium3
357 2096 550 2177 progressique
565 2098 693 2174 conjectu
708 2096 770 2156 lon·

89 2173 154 2257 gitis
182 2174 262 2233 liberi
283 2193 396 2256 quoque
419 2178 523 2236 exitum
544 2175 767 2248 denunciavdre,

89 2259 192 2316 mitem
211 2273 295 2336 atque
312 2259 459 2316 innoxium
477 2255 620 2338 praefantes
638 2256 722 2326 fore,
739 2277 770 2317 ut

90 2337 162 2397 illud
184 2356 289 2416 pecus,
308 2357 360 2396 nec
382 2337 541 2399 diuturnum
565 2357 686 2409 tamen,
708 2336 771 2397 sub-

88 2422 196 2498 jectum
218 2439 252 2477 ue
278 2418 392 2479 insidiis.
423 2418 539 2479 Interim
563 2418 665 2478 Romae
692 2440 770 2478 com-

89 2519 170 2579 perto
191 2438 332 2559 dordiani
357 2501 494 2570 interitu,
516 2496 643 2560 hortante
668 2497 772 2559 Domi-

89 2582 133 2640 tio
152 2625 164 2649 ,
188 2579 265 2640 Urbi
290 2579 463 2651 Praefeuus,
489 2578 643 2662 reliquique
665 2580 771 2644 indices

90 2661 180 2755 vulgo
211 2659 354 2721 ceduntur
376 2682 429 2742 per
456 2661 599 2722 Praetorias
623 2659 767 2723 cohortes.

89 2741 206 2824 Quippe
217 2741 401 2816 Gordianus,
418 2740 567 2826 postquam
582 2741 705 2805 delatum
719 2746 772 2805 sibi
