2010 3616
265 255 449 326 LIBER
483 259 526 325 X.
670 281 736 348 117

77 362 145 431 soror
162 369 325 434 Constantia
344 395 431 456 nupta
459 377 571 437 Licinio
593 396 674 450 erat3
704 374 738 440 ac

78 450 159 531 primd
180 475 240 514 eum
260 458 290 515 in
310 455 459 517 Pannonii
480 461 588 542 ingenti
604 480 739 541 apparatu
831 476 835 482 ’

78 533 170 593 bellum
190 537 261 616 apud
279 536 397 598 Cibalas
411 537 612 612 instruentem,
634 563 737 620 repen-

80 616 284 697 tinus-oppressit
302 641 309 688 ,ι
327 623 462 701 omnique
476 621 642 692 Dardanii,
659 623 739 683 Moe·

80 692 319 791 siiqMacedonifa
340 703 468 781 potitus,
491 702 651 764 numerosas
667 725 738 785 pro-

78 795 171 838 rrncras
191 784 348 861 occupavit.
735 784 739 799 '

113 859 167 919 vl.
185 860 272 922 Varia
291 863 421 943 deinceps
440 865 512 923 inter
524 863 574 926 eos
592 863 689 935 bella,
714 873 742 925 δι

81 956 126 1017 pax
154 945 332 1003 reconciliata
359 964 495 1023 raptaue
522 944 568 1006 est.
598 945 743 1009 Postremo

81 1020 192 1082 Licinius
212 1024 309 1085 nauali
329 1033 356 1085 &
375 967 491 1085 tetreitri
512 1029 606 1105 praelio
627 1029 716 1086 vidus
731 1073 744 1099 ,

81 1104 146 1180 apud
167 1104 369 1166 Nicomediam
392 1104 420 1166 se
443 1106 550 1167 dedidit
562 1131 573 1178 3
597 1117 624 1166 &
647 1125 744 1167 contra

81 1184 233 1268 religionem
253 1187 422 1249 sacramenti
436 1186 640 1249 Theffalonicae
656 1189 748 1268 priva-

82 1281 118 1324 tus
137 1268 242 1330 occisus
264 1269 311 1329 est.
335 1270 380 1329 Eo
406 1289 532 1350 tempore
553 1290 594 1329 res
612 1268 747 1329 Romana

83 1342 127 1405 sub
137 1371 190 1410 uno
199 1351 327 1434 Augusto
338 1359 365 1411 &
377 1351 464 1412 tribus
475 1350 634 1412 Caesaribus
646 1348 748 1431 (quod

82 1447 213 1512 nunquam
239 1432 331 1505 alias)
354 1431 432 1502 fuit3
455 1431 518 1492 crim
543 1431 624 1491 liberi
645 1429 746 1494 Cons-

83 1513 173 1572 tantini
196 1513 322 1583 Galliae,
346 1513 482 1583 Orienti,
506 1514 649 1596 Italiaque
672 1534 746 1594 prat-

84 1587 165 1654 effent.
182 1593 316 1666 Verum,
338 1593 487 1655 insolentii
505 1616 595 1654 rerum
613 1593 751 1655 secunda·

84 1690 160 1746 rum,
180 1675 357 1758 aliquantum
370 1675 571 1737 Constantinus
585 1697 619 1735 ex
637 1673 685 1734 illu
705 1673 751 1757 fa-

85 1757 193 1818 rotabili
213 1760 304 1818 animi
321 1757 464 1818 docilitate
477 1758 605 1817 mutavit.
622 1755 753 1816 Primum

71 1840 288 1900 ‘necessitudines
317 1837 495 1919 persecutus,
522 1834 689 1917 [Crispum
713 1833 753 1893 fi-

84 1914 169 1996 lium]
188 1921 336 2004 egregium
349 1922 461 1990 virum,
485 1927 512 1979 &
527 1917 627 1977 sororis
645 1914 755 1988 filium,

85 2003 236 2064 commodae
246 2001 349 2062 indolis
361 2009 508 2082 juvenem,
523 1995 673 2059 interficit:
685 2016 756 2059 mox

85 2097 214 2158 uxorem3
238 2082 319 2164 post,
341 2080 504 2144 numerosos
517 2082 633 2141 amicos.

120 2164 194 2227 VII.
217 2166 275 2225 Vir
290 2167 382 2246 primo
404 2165 514 2244 imperii
537 2182 663 2244 tempore
679 2162 756 2245 opti-

86 2244 133 2303 mis
145 2247 337 2327 principibus,
356 2246 458 2307 ultimo
475 2244 575 2304 mediis
592 2263 758 2323 comparan-

86 2321 137 2387 dus.
159 2329 318 2391 Innumerae
347 2329 377 2389 in
400 2347 435 2386 eo
461 2327 551 2386 animi
578 2322 758 2405 corporisque

85 2406 191 2472 virtutes
213 2412 392 2481 claruerunt3
411 2409 539 2468 militaris
557 2407 652 2490 gloriae
673 2422 761 2482 appe-

85 2492 269 2564 tentissimus,
283 2491 396 2551 fortuna
410 2489 535 2549 inbellis
548 2483 676 2568 prospera
690 2481 759 2575 ¹fuit:

85 2571 175 2634 renim
201 2577 264 2645 ita,
286 2591 398 2632 utnon
423 2568 455 2630 su
474 2586 562 2629 eratet
586 2561 759 2626 industriam.

86 2648 159 2714 Nam
174 2659 265 2715 etiam
277 2651 390 2715 Gothos
406 2592 472 2733 poii
483 2648 580 2712 Civile
595 2644 701 2703 beilum
714 2664 762 2735 ua·

86 2733 122 2792 tid
132 2739 311 2821 profligavit,
321 2757 389 2817 pace
400 2733 436 2794 ad
447 2731 616 2814 postremum
628 2724 693 2785 dati
700 2746 711 2795 3
721 2726 764 2819 in*

86 2834 255 2907 gentemque
275 2817 350 2905 apud
362 2816 494 2879 barbaras
509 2829 604 2901 gentes
621 2826 764 2871 memotw
