1972 3624
278 266 664 344 Bnrvrrnrurr.
742 298 839 367 37³*

126 407 172 453 tes
192 385 278 460 suos,
298 387 422 469 septies3
448 390 506 473 ipse
524 386 641 473 praesens
658 393 700 454 bis
718 393 810 461 adfuit

125 472 198 531 veris
209 480 236 532 &
250 473 382 555 gravibus
417 477 509 557 ugnis.
527 473 682 553 [suerum
700 475 750 535 Sin
772 497 807 535 a·
912 532 917 543 ,

125 570 192 618 rena
206 596 217 622 ,
234 546 366 634 praesente
378 495 572 627 ἕοηῐὶεῃῑίος
592 564 619 616 &
634 553 736 616 itertim
747 497 811 618 §iu-

148 653 256 706 arena,
275 633 518 696 Constantiniensi
541 657 678 718 quoque,
701 645 728 696 &
743 657 809 698 cunr

123 654 234 775 {mida
248 735 330 796 capta
347 714 395 777 est.
416 717 428 794 ]
452 717 548 777 Grave
567 715 669 778 subeo
686 719 773 799 princi
794 740 810 778 e

125 793 296 875 Respublica
310 797 411 857 vuinus
428 799 544 878 accepit.
561 796 621 857 Ter
632 818 725 859 autem
743 821 758 858 e
792 799 810 860 b

125 874 217 937 Persis
233 874 340 937 obsessa
357 879 467 939 Nisibis
487 901 494 937 z
512 877 559 939 sed
573 883 680 958 majore
696 876 739 939 sui
759 880 810 943 do-

124 959 284 1035 trimento,
307 958 376 1019 dum
395 960 558 1030 obsideret,
580 957 668 1021 hostis
683 958 810 1023 adfestus

126 1036 175 1097 est.
206 1037 341 1100 Narsensi
369 1060 463 1100 autem
491 1040 592 1111 bello,
617 1041 666 1101 ubi
687 1039 810 1104 Narseus

126 1120 254 1193 occidit,
278 1119 430 1202 superiores
452 1118 638 1182 discessimus.
662 1121 811 1184 Nocturni

126 1198 194 1262 verb
208 1204 250 1277 in·
260 1223 330 1286 agro
347 1202 471 1263 Eleiensi
510 1223 576 1281 rope
592 1203 742 1283 Singaram
755 1218 809 1283 pu·

125 1280 207 1377 gns,
221 1282 272 1343 ubi
284 1279 401 1362 praesens
415 1224 599 1344 Consantius
612 1283 727 1355 adfuit,
747 1305 811 1344 om·

36 1383 39 1387 ’
126 1385 207 1425 nrum
242 1363 466 1444 expeditionum,
491 1362 686 1443 compensatus
716 1361 808 1426 suisset

127 1463 264 1516 eventus,
287 1447 312 1504 si
331 1444 400 1505 iocis
422 1447 555 1506 aeneae
575 1442 808 1518 adversantibus,

126 1527 247 1608 percitos
271 1524 376 1587 ferocias
401 1526 528 1596 milites,
552 1524 589 1586 ab
612 1525 808 1607 intempestivo

125 1606 274 1689 pugnandi
295 1627 444 1686 tempore,
468 1607 623 1681 Imperator
643 1606 701 1687 ipse
721 1607 807 1668 adio·

125 1688 241 1769 quendo
261 1709 394 1749 revocare
415 1684 568 1768 potuisset:
608 1691 637 1747 ui
655 1691 809 1750 tamenin·

125 1769 196 1829 viui
231 1769 363 1840 viribus,
389 1771 535 1847 improvisi
567 1710 696 1828 aiveinis
728 1771 807 1830 sitim

122 1871 264 1931 aquarum
287 1847 441 1919 subsidiis,
467 1849 645 1909 incumbente
667 1854 726 1927 jam
748 1847 809 1911 ves·

125 1951 213 2013 pere,
227 1927 314 1991 castra
326 1927 470 1989 Persarum
483 1928 627 2012 adgressi,
646 1932 734 2010 ruptis
748 1951 810 1992 rnu-

124 2012 283 2074 nitionibus
308 2011 510 2089 occuparunt,
537 2008 693 2093 fugatoque
717 2032 806 2093 rege,

125 2090 192 2153 etim
209 2090 227 2152 ‘a
244 2092 339 2172 ptaelio
359 2088 543 2170 respirantes,
564 2094 712 2171 protentis
723 2093 807 2154 lumi·

123 2174 210 2239 nibus
229 2193 341 2253 reperte
359 2169 500 2233 inhiarent
515 2193 615 2253 aquae,
635 2173 736 2235 nimbo
756 2171 806 2234 sa·

124 2257 261 2339 gittarum
276 2255 370 2314 obruti
383 2251 467 2326 sunt,
489 2250 553 2314 crim
566 2253 690 2324 stende,
711 2253 748 2315 ad
764 2254 807 2321 di·

123 2334 260 2420 tigendos
282 2333 381 2396 cerritis
405 2336 436 2395 in
458 2333 487 2396 se
507 2337 601 2406 istus,
622 2336 730 2397 lumina
751 2337 807 2417 ipsi

123 2437 176 2502 per
193 2420 307 2478 nostem
325 2413 440 2478 accensa
456 2417 617 2497 praeberent.

166 2498 308 2560 XXVIII.
328 2499 442 2561 iuliano
459 2498 490 2558 in
506 2517 631 2559 externos
649 2495 741 2559 hostes
756 2517 807 2559 ex·

125 2570 210 2664 pertae
234 2578 375 2640 felicitatis
393 2581 536 2663 principi,
562 2577 692 2641 adversis
709 2576 806 2643 Persas

41 2660 46 2667 ’
125 2662 229 2723 modus
251 2660 351 2722 defuit.
370 2661 398 2721 ss
421 2663 497 2721 onim
516 2663 626 2744 ingenti
646 2679 805 2741 apparatu,

126 2760 224 2823 utpote
236 2745 321 2804 torius
334 2742 412 2802 orbis
426 2760 577 2826 regnator,
589 2739 689 2803 infesta
701 2743 731 2802 in
742 2742 807 2801 Pet·

125 2819 268 2908 sassigna
282 2824 465 2899 commotus
483 2821 646 2891 insinuans
663 2841 806 2887 commea·
