2010 3616
196 230 262 295 132
345 208 731 279 Tueriuousn.

191 332 267 394 rios,
280 326 369 407 liquet
381 347 413 385 ex
425 329 543 406 antiquo
554 325 666 407 lapide,
679 346 766 408 quem
777 324 893 415 Romu¹

192 424 219 496 J.
235 423 347 502 Lipsius
361 418 521 506 exscripsit,
538 420 587 479 ubi
602 421 700 503 legas,
715 420 762 480 M.
776 420 888 482 Auitu-
1001 456 1002 459 =

192 522 263 577 'nus
279 512 637 574 Vicrou1uMentio
656 510 738 590 hujus
757 510 889 575 historici

193 602 226 665 fit
243 604 317 686 apud
331 605 461 665 Paullum
472 594 635 665 Diacoiium
653 603 688 663 de
700 602 796 666 Gestis
808 607 887 666 Lon·
1001 640 1002 643 ¹

194 695 389 782 gobardorum
405 697 455 756 lib.
472 716 509 754 11.
525 717 586 777 cap.
605 716 702 757 xv111.
719 693 764 756 his
775 698 888 759 verbis:

191 792 265 853 Sunt
278 793 325 870 qui
338 791 425 866 Alpes
445 792 549 851 Cottius
561 787 589 850 ὁ*
601 789 764 865 Apenninus
773 837 785 861 ,
801 814 888 852 unam

192 884 287 947 dieunt
300 879 348 955 effi
360 882 534 956 prouinciam
546 905 557 940 .·
570 874 622 959 sed
635 881 686 942 hos
703 883 827 944 Vilioris
842 907 885 944 re·
1001 908 1002 911 ¹

193 978 284 1040 uincit
299 976 442 1058 Historia,
464 996 520 1051 qun
542 973 630 1049 Αζυιε
655 977 760 1036 Cottius
782 1000 836 1052 per
854 977 889 1056 se
1001 1028 1002 1033 ,

189 1072 365 1146 prouinciam
382 1070 510 1144 appellat.
529 1068 622 1127 Locus
631 1069 780 1141 ViCtoris,
799 1092 888 1152 quem

195 1168 310 1249 signat,
328 1160 368 1223 est
384 1161 433 1222 iste
455 1165 485 1222 in
502 1162 617 1222 Nerone
631 1184 638 1219 ε
653 1163 773 1223 Pontum
792 1167 889 1247 injus

189 1260 362 1328 prouincia,
378 1256 537 1316 Polemonis
555 1253 655 1334 Reguli
668 1253 821 1330 permeffie,
844 1282 889 1319 re-

194 1354 288 1431 degit,
305 1350 324 1409 >1
339 1371 389 1427 quo
404 1349 614 1409 Polemoniacus
629 1348 737 1409 Pontus
755 1353 886 1426 appella·

194 1459 239 1504 tus
252 1446 286 1521 esi
304 1468 315 1502 .·
336 1445 450 1521 itemque
475 1443 579 1502 Cottius
590 1441 699 1516 Alpes,
720 1447 809 1504 Cottio
826 1468 888 1526 rege

196 1559 308 1599 monuo.
323 1538 378 1599 Sed
388 1558 495 1601 veteres
514 1538 651 1600 editiones
667 1544 697 1601 in
713 1541 805 1602 Paulli
818 1544 887 1604 loeo

195 1656 246 1721 pto
281 1623 430 1704 Vic'loeis,
462 1651 494 1694 ut
520 1631 559 1692 est
583 1637 613 1693 in
642 1634 708 1696 MS
719 1635 747 1696 S.
777 1633 889 1697 habent

203 1730 352 1791 Vinon'ni.
373 1730 417 1790 Ut
435 1748 488 1790 nee
505 1752 539 1790 ex
561 1728 617 1790 hoc
637 1731 703 1792 loco
722 1731 829 1814 liqueat
851 1732 889 1793 sie
991 1782 994 1787 ,

196 1843 264 1886 vero
283 1827 342 1905 ejus
362 1820 498 1885 Historiei
513 1827 638 1885 nomine.
1002 1836 1003 1845 ¹
