1982 3614
215 279 651 348 oeCmsAururrn
704 284 768 369 283

90 395 172 477 signe
193 393 313 456 Caesaris
333 396 441 456 datum.
466 396 597 474 Quorum
621 394 684 456 crim
706 419 775 460 natu

112 475 229 536 randior
244 522 254 545 ,
275 480 413 537 incertum
427 478 482 558 qui
496 476 579 538 causa
593 523 603 547 ,
627 482 711 558 patris
724 485 773 557 ju-

89 496 166 617 fficio
189 554 355 628 occidisset,
381 559 493 637 repente
520 559 676 620 Calocerus
700 560 772 619 Ma·

88 635 174 778 pister
190 642 299 718 pecoris
315 639 487 698 camelorum
502 637 630 720 Cyprum
650 637 772 701 insulam

102 720 183 798 pecie
203 722 285 802 regni
300 718 415 778 demens
430 723 620 799 capessiverat.
641 721 709 797 Quo
727 742 774 781 ex-

88 801 238 870 cruciato,
258 818 289 858 ut
302 798 344 859 fus
358 819 441 869 erat,
462 797 555 860 servili
569 820 617 860 aut
631 801 772 862 latronum
810 814 814 827 ’

87 901 195 950 more,
219 879 366 940 condendi
385 881 452 940 urbe
474 879 715 962 formidandisque
734 904 775 942 re-

86 960 248 1043 ligionibus
276 963 420 1043 ingentem
455 963 583 1021 animum
612 966 773 1035 avocavit,

88 1041 177 1101 simul
196 1041 334 1100 novanda
354 1043 460 1101 militia
477 1042 588 1102 ordine.
611 1043 650 1102 Et
670 1042 775 1104 intere&

89 1120 258 1182 Gothorum
280 1122 525 1202 Sarmatarumque
544 1121 632 1182 stratae
651 1120 772 1205 genten

87 1199 222 1283 filiusque
240 1206 404 1262 cunctorum
422 1205 538 1273 minor,
560 1201 702 1263 Constans
723 1226 777 1263 no-

85 1287 192 1353 mine,
214 1280 309 1343 Caesat
328 1281 368 1342 fit.
389 1281 481 1421 Cupus
501 1282 590 1366 gratiis
603 1283 774 1363 Reipublicae

87 1362 304 1444 permistionem
327 1362 388 1422 fote
411 1384 430 1422 o
454 1382 583 1422 entorum
606 1365 678 1423 mira
701 1384 772 1443 pro-

88 1445 215 1515 didere3
238 1447 340 1524 quippe
362 1441 395 1503 eb
416 1446 524 1515 noste,
546 1464 607 1538 puae
629 1446 775 1506 commissi

86 1527 206 1605 imperii
228 1524 305 1584 diem
330 1523 519 1605 sequebatur,
551 1526 611 1606 rgni
639 1528 774 1585 continuo

88 1608 156 1666 cosli
174 1604 262 1666 facies
284 1607 477 1687 conflagravit.
501 1603 616 1664 Abhinc
637 1604 773 1666 consum·

86 1706 139 1769 pto
165 1686 225 1746 fere
248 1686 390 1756 biennio,
417 1685 508 1746 fratris
531 1683 645 1757 filium,
671 1689 716 1747 cui
742 1708 776 1748 ex

86 1788 170 1849 patre
185 1767 334 1827 Dalmatio
350 1786 456 1826 nomen
473 1766 549 1834 fuit,
566 1765 708 1827 Caesarem
721 1765 777 1845 jus-

10 1858 15 1867 '
87 1851 126 1910 sit
147 1894 160 1917 ‚
193 1847 382 1908 assistentibus
408 1847 503 1907 valide
526 1848 702 1907 militaribus.
729 1848 774 1908 Ita

88 1950 171 1991 anno
191 1931 303 2008 imperii
323 1930 464 1988 tricesimo
485 1925 686 2008 secundoque,
709 1925 775 1988 etim

87 2029 186 2071 totum
201 2010 300 2070 orbem
312 2009 445 2069 tredecim
459 2004 607 2077 tenuiss'et,
629 2005 774 2091 sexaginta

86 2112 174 2153 natus
193 2109 276 2171 atque
298 2089 417 2171 amplius
435 2089 516 2160 duo,
540 2092 570 2148 in
590 2087 688 2149 Persas
707 2108 773 2149 ten-

88 2172 185 2242 dens,
206 2169 223 2230 ὲ
239 2170 302 2252 quis
321 2172 426 2230 bellum
443 2174 593 2250 irrumpere
610 2189 774 2251 acceperat,

86 2273 153 2314 rute
166 2254 297 2333 proximo
313 2252 489 2311 Nicomediae
500 2248 703 2332 ,Athyronam
723 2271 775 2311 vo·

88 2355 181 2403 cant,
204 2334 344 2403 excessit,
369 2331 433 2392 etim
457 2331 494 2392 ad
518 2331 548 2391 icl
572 2351 673 2392 tetrum
700 2332 775 2393 sidus
823 2397 827 2403 .

87 2417 210 2497 regnis,
231 2413 309 2493 quod
326 2416 455 2472 crinitum
472 2431 598 2481 vocant,
618 2410 775 2492 portendis-

86 2495 142 2556 set.
164 2495 259 2553 Funus
276 2494 394 2554 relatum
416 2498 446 2554 in
465 2495 563 2552 urbem
580 2489 622 2552 sui
640 2494 774 2554 nominis.

85 2575 184 2654 Quod
203 2573 270 2635 sane
289 2575 321 2634 P.
345 2575 381 2635 R.
400 2574 542 2658 aegerrime
561 2574 649 2644 tulit,
671 2575 774 2654 quippe

88 2663 171 2736 cujus
187 2659 298 2726 armis,
319 2657 453 2740 legibue,
478 2656 609 2715 clementi
629 2656 748 2736 imperio
764 2699 774 2727 ,

87 2739 174 2819 quasi
196 2757 331 2796 novatum
352 2739 449 2796 urbem
468 2737 630 2795 Romanam
652 2736 774 2819 arbitra·

87 2838 175 2880 retur.
197 2818 272 2879 Pons
292 2838 341 2899 per
359 2819 526 2879 Danubium
544 2817 665 2890 duffio,
686 2815 774 2878 castra
