2010 3616
265 235 449 305 LIBER
486 237 558 304 IX.
687 262 748 306 ιιι

79 353 108 413 in
128 349 225 413 Africi
246 355 433 496 proflifavit,
460 354 575 437 domitis
597 355 751 438 Quinque-

80 436 235 517 gentianis,
252 443 317 495 &a
358 456 456 516 pacem
477 437 603 497 tedastis.
629 437 751 498 Diocle-

80 519 169 576 tianus
186 512 323 576 obsessum
342 516 517 577 Alexandria
532 514 694 579 Achilleum
705 541 754 579 oc-

81 614 144 656 tavo
163 596 221 657 fere
238 596 333 658 meuse
353 595 384 658 su
419 601 509 669 ravit,
527 619 648 680 eumque
666 603 753 660 inter·

81 675 144 737 fecit
155 700 162 735 ε
172 678 289 739 visioni
297 680 378 738 acetb
406 678 470 739 usus
480 678 519 738 est
531 698 636 740 :totam
642 679 755 763 AEgyp·

81 760 288 901 uuila
306 747 753 905 uauuuumuiu

82 922 194 1000 provide
212 922 319 993 multa,
338 932 366 983 δι
380 921 517 1003 disposuit
525 947 536 996 5
551 944 613 1005 quae
629 924 665 984 ad
686 923 754 984 uos·

84 1020 150 1061 tram
171 1022 280 1063 atatem
299 1024 422 1065 manent.

119 1083 247 1144 XXIV.
278 1085 408 1146 Galerius
433 1085 628 1145 Maximianus
659 1085 752 1166 primo

83 1163 204 1226 advenis
224 1163 365 1226 Narseum
388 1167 513 1247 praelium
538 1162 656 1238 habuit,
683 1169 755 1227 inter

86 1243 252 1307 Callinicum
268 1245 377 1307 Carras
393 1266 427 1307 ue
442 1241 621 1329 congressus,
632 1243 701 1306 >cuim
713 1249 756 1309 iu·

85 1324 204 1387 consulti
228 1330 320 1411 magis
339 1349 425 1409 quam
440 1328 553 1410 ‘ignave
578 1326 754 1400 dimicilset3

86 1407 234 1468 admodum
254 1411 330 1468 enim
354 1409 440 1491 parvi
457 1428 545 1468 manu
568 1429 632 1468 cum
650 1412 753 1491 copio-

86 1490 188 1550 sissimo
207 1487 287 1549 hoste
309 1492 463 1551 commisit.
484 1488 580 1550 Pulsus
600 1491 705 1574 igitur,
726 1499 755 1552 δε

87 1569 121 1629 ad
133 1571 344 1633 Diocletianum
361 1571 523 1653 profestus,
542 1571 606 1630 cum
619 1573 646 1630 ei
664 1573 693 1631 in
710 1574 756 1631 iti-

88 1671 145 1710 nere
165 1649 342 1725 occurriss'et,
365 1652 444 1713 tanti
468 1650 618 1712 insolentia
637 1649 654 1711 l
673 1653 753 1712 Dio-

88 1731 199 1794 cletiano
229 1733 315 1793 fertur
341 1753 491 1815 exceptus,
518 1751 548 1792 ut
574 1753 622 1813 per
646 1733 756 1814 aliquot

87 1811 202 1953 pplluum
226 1816 316 1875 millia
332 1835 494 1897 purpuratus
511 1812 635 1874 tradatur
651 1812 689 1873 ad
706 1834 758 1874 ve·

107 1896 204 1956 'culum
223 1892 374 1955 cucurrisse.

123 1976 218 2038 XXV.
236 1978 311 2037 Mox
331 1995 427 2036 tamen
444 1996 492 2056 per
511 1975 655 2056 Illyricum
672 1974 755 2035 Μα-

87 2057 205 2140 uiamque
219 2060 368 2118 connasiis
378 2058 484 2137 copiis,
501 2054 589 2116 rmsais
602 2076 666 2116 cum
680 2056 758 2118 Nar·

88 2133 129 2197 leo
147 2137 309 2201 Hormisdae
330 2148 358 2201 δε
376 2140 489 2221 Saporis
507 2160 585 2209 avo,
604 2139 633 2197 in
653 2137 757 2199 Arme·

88 2217 130 2279 nil
141 2222 249 2301 Maiori
261 2222 414 2304 pugnavit,
433 2216 552 2281 succeisu
564 2220 690 2302 ingenti,
704 2241 756 2279 nec

89 2302 187 2362 minore
195 2302 318 2362 consilio
325 2299 757 2382 simulquelonitudinetquippe
775 2348 778 2352 .

88 2384 131 2460 qui
150 2387 238 2445 etiam
261 2381 438 2463 speculatoris
460 2400 561 2442 munus
583 2400 647 2441 cum
667 2383 758 2441 altero

88 2481 117 2519 ac
134 2467 217 2525 tertio
233 2466 327 2546 equite
344 2461 499 2546 susceperit.
522 2460 607 2522 Pulso
627 2460 757 2532 Narseo,

89 2540 166 2606 talita
184 2551 245 2628 ejus
267 2546 402 2625 diripuit3
423 2562 542 2614 uxores,
565 2542 693 2613 sorores,
715 2542 756 2600 li·

88 2620 160 2687 beros
183 2629 282 2708 cepit;
304 2625 443 2686 infinitam
468 2619 634 2685 extrinsecis
653 2620 757 2682 Persa·

88 2721 143 2765 mm
158 2709 359 2779 nobilitatem,
378 2728 480 2791 gazam
497 2704 635 2766 Pemlcam
653 2725 668 2763 c
707 2705 758 2764 io-

88 2785 244 2866 u‘uimam5
263 2787 357 2873 ipsum
378 2791 409 2852 in
427 2790 542 2850 ultimae
560 2788 641 2872 tegni
659 2725 758 2851 silim
