1982 3614
238 245 308 308 216
380 231 759 329 AumVrccon

236 378 302 418 rum
324 356 435 416 diceret.
463 334 592 432 Quaestor
618 357 647 415 in
669 329 799 436 Cyprum
823 351 919 415 tniffirs
976 390 977 423 2

236 437 275 499 ad
295 435 454 497 vehendam
474 458 508 496 ex
527 436 674 496 Ptolemaei
692 433 854 496 haeteditate
872 458 918 516 pe-

184 572 187 578 .
238 521 374 591 cuniam,
396 538 461 576 cum
481 515 593 577 summit
611 538 674 576 eam
692 514 746 577 fide
787 517 897 577 erduxit
907 540 917 588 3

237 597 368 680 praetereh
379 603 537 677 conjuratos
547 597 702 677 puniendos
713 539 785 657 ceni

238 678 336 751 civili,
359 680 489 758 Pompeii
517 698 607 758 partes
637 676 745 738 secutus
771 676 813 736 est
825 701 835 748 3
862 700 917 759 quo

236 760 336 831 vicio,
356 761 507 819 exercitum
541 779 569 816 er
584 755 690 818 deserta
704 757 807 818 Africae
824 756 918 831 duxit,

237 839 289 899 ubi
304 840 430 921 Scipioni
448 779 539 900 Corsi

237 922 348 1002 perium
363 923 506 980 concessit.
523 920 616 979 victis
631 919 757 1000 partibus
772 965 782 991 ,
802 921 919 981 Uticam

779 600 828 657 uit.
839 598 916 657 Bello
977 620 978 637 ³

531 840 603 899 ulati
622 839 746 899 delatum
762 840 799 899 ad
819 835 846 897 se
865 841 919 898 im·
978 912 979 931 ,

238 1003 399 1073 concessit,
419 1001 468 1060 ubi
481 998 571 1060 filium
586 998 735 1070 hortatus,
752 1020 783 1059 ut
797 1001 920 1060 clemen·
978 1002 979 1035 ;

239 1083 311 1142 tiam
328 1080 449 1143 Caesaris
469 1084 662 1162 experiretur,
684 1077 742 1161 ipse
761 1082 836 1140 lecto
854 1081 919 1141 Pla-

239 1165 316 1223 tonis
334 1164 430 1234 libro,
451 1164 501 1243 qui
520 1162 655 1221 debonis
675 1163 774 1223 mortis
792 1160 852 1232 est,
872 1160 918 1222 sc·

241 1263 301 1304 met
319 1244 432 1304 occidit.

282 1323 417 1385 LXXXI.
437 1324 553 1383 Marcus
577 1320 688 1382 Tullius
713 1321 843 1395 Cicero,
866 1343 917 1406 ge·
979 1322 980 1325 ’

242 1425 306 1465 nere
322 1405 462 1485 Arpinas,
488 1423 565 1483 patre
584 1404 688 1485 Equite
709 1402 846 1464 Romano
864 1426 917 1463 na·

241 1502 285 1545 tus
299 1530 309 1554 ‚
334 1507 421 1568 genus
435 1483 451 1544 xa
463 1484 550 1543 Tullo
564 1484 644 1543 Attio
658 1505 724 1567 rege
738 1482 828 1544 duxit.
842 1484 920 1544 Ado-

241 1562 346 1624 lescens
364 1562 507 1624 Rosciano
530 1565 635 1645 judicio
657 1565 872 1646 eloquentiam,
893 1574 920 1625 &
980 1634 981 1639 ἵ

241 1644 399 1706 libertatem
420 1644 499 1705 suam
517 1644 663 1706 adversim
680 1646 812 1706 Sullanos
829 1643 921 1707 osten·
980 1656 981 1659 ’

243 1725 306 1796 dit,
329 1746 363 1786 ex
379 1748 437 1808 quo
453 1729 555 1787 veritus
571 1727 707 1787 invidiam
725 1725 854 1788 Athenas
869 1724 920 1786 stu·

242 1806 354 1867 diorum
365 1805 456 1891 gratiis
485 1809 583 1879 etivit,
598 1807 646 1867 ubi
657 1806 834 1870 Antiochum
845 1810 920 1869 Aca-

242 1887 385 1948 demicum
417 1829 483 1969 phii

242 1968 313 2029 Inde
331 1970 497 2051 eloquentiae
536 1967 606 2029 ratiti
620 1969 739 2040 Asiam,
761 1968 824 2050 post
841 1967 920 2029 Rho·

183 2084 188 2096 .
242 2049 312 2117 dum
328 2052 432 2130 petiit,
453 2049 502 2109 ubi
516 1990 667 2110 hiolonem
681 2050 837 2122 Graecum,
857 2048 920 2111 che·

242 2148 335 2190 torem
350 2149 411 2190 tum
431 2127 669 2202 disertissimum,
687 2129 853 2214 magistrum
871 2129 920 2191 ha-

242 2210 334 2282 buit,
358 2214 409 2292 qui
439 2209 512 2270 flesse
539 2210 639 2271 dicitur
664 2210 742 2293 quod
770 2233 819 2294 per
849 2209 920 2271 hunc

243 2289 355 2351 Graecia
371 2293 537 2373 eloquentia
555 2292 635 2352 laude
651 2296 813 2373 privaretur.
837 2293 921 2371 Quae-

242 2369 300 2432 stor
323 2372 449 2445 Siciliam
472 2372 579 2435 habuit.
605 2373 712 2434 AEdilis
736 2373 773 2436 C.
802 2375 921 2434 Verrem

242 2454 459 2534 repetundarum
477 2454 631 2515 damnavit.
657 2455 761 2514 Praetot
788 2454 922 2515 Ciliciam

242 2535 398 2595 latrociniis
413 2535 552 2595 liberavit
569 2533 680 2596 Consul
698 2540 860 2613 conjuratos
876 2557 922 2594 ca-

243 2617 300 2695 pite
322 2619 438 2694 punivit.
461 2616 535 2675 Mox
554 2614 660 2676 invidia
680 2614 711 2674 P.
730 2616 854 2687 Clodii,
873 2619 919 2675 in-

243 2690 399 2776 stinctuque
417 2694 580 2761 Caesaris&
600 2697 754 2776 Pompeii,
776 2719 848 2778 quos
865 2696 919 2755 do-

244 2775 408 2838 minationis
428 2775 594 2866 suspectos,
616 2775 735 2850 eidem,
757 2777 814 2862 qua
832 2799 920 2916 qtppn-

848 2918 853 2927 ,
877 2879 922 2921 dm

478 1887 618 1968 osophum
650 1887 772 1949 studiose
805 1889 919 1949 audivit.
981 1872 982 1935 Ῐ
