2056 3628
217 322 226 333 ἱ
289 231 480 305 linat
528 230 595 303 II.
735 256 773 304 21

91 347 248 410 commissa
269 351 399 419 adversus
418 353 537 419 Gallum
560 349 679 436 pugni,
701 352 780 427 idem

92 452 193 491 corvus
214 432 310 493 alis&
331 434 472 515 unguibus
493 427 573 494 Galli
593 433 691 495 oculos
710 456 777 494 ver-

93 511 227 583 beravit,
249 533 286 573 ne
306 517 412 573 redium
436 508 522 594 poffet
542 511 673 595 aspicere.
697 514 741 579 Ita
761 513 779 577 d

93 589 227 652 Tribuno
249 594 369 653 Valerio
393 593 577 665 interfedius‚
605 617 664 655 non
686 592 779 661 soltitu

93 675 246 737 victoriam
259 676 307 745 ei,
321 672 467 752 sedetiam
481 696 587 734 nomen
601 675 687 739 dedit
699 677 778 738 Nam

94 752 193 835 postea
211 755 314 826 idem,
335 755 448 821 Corvus
465 753 504 814 est
522 755 612 815 dicius
632 780 638 814 :
657 778 690 816 ac
711 778 778 836 prov

96 854 158 914 pter
177 832 233 895 hoc
253 837 409 907 meritum,
432 857 569 897 annorum
588 838 673 901 trium
691 846 718 898 &
737 840 780 901 vi·

97 917 196 998 giuti,
220 914 332 977 Consul
350 915 389 976 est
409 915 506 977 fastus.

139 996 210 1055 Vll.
233 998 350 1068 Latini,
363 998 413 1079 qui
424 999 569 1057 noluerant
580 998 683 1059 milites
695 998 780 1072 dare,

98 1072 155 1135 boc
175 1099 233 1158 quo
255 1099 289 1136 ue
308 1076 325 1137 a
341 1079 479 1138 Romanis
492 1081 602 1162 exigere
619 1098 780 1160 coeperunt,

99 1177 131 1218 ut
143 1179 216 1217 unus
231 1100 365 1230 gonsal,
385 1180 418 1219 ex
431 1181 551 1230 eorum,
568 1160 659 1230 alter,
681 1181 714 1220 ex
724 1160 783 1219 Ro·

99 1258 253 1299 manorum
282 1241 387 1320 populo
420 1260 564 1300 crearetur.
597 1240 686 1316 Quod
717 1240 782 1303 crim

67 1392 72 1396 ι
100 1316 168 1378 effet
184 1339 342 1405 negatum,
365 1320 472 1389 bollum
492 1338 588 1381 contra
608 1340 656 1379 eos
677 1318 785 1402 suscep,-

100 1419 165 1462 tum
182 1399 244 1472 est,
264 1410 291 1462 δι
310 1403 420 1484 ingenti
442 1399 538 1484 pugni
557 1398 677 1482 superati
697 1400 781 1468 sunta

102 1503 136 1545 ac
154 1481 190 1541 de
209 1479 251 1542 his
265 1482 428 1561 perdomitis
445 1478 647 1561 triumphatum
660 1481 708 1541 est.
723 1484 785 1544 Sta,

15 1558 17 1567 '
103 1580 157 1627 ωε
182 1561 355 1624 Consulibus
382 1563 422 1621 ob
446 1565 577 1622 meritum
603 1565 726 1624 vidioriae
752 1567 784 1626 in

102 1641 211 1707 Rostris
226 1646 322 1725 posita
337 1641 407 1703 sunt.
428 1644 498 1716 (Eo
517 1665 593 1702 anno
610 1646 696 1704 etiam
713 1646 783 1704 Ale·

102 1724 222 1869 {indm
246 1726 284 1786 ab
301 1723 462 1791 Alexandro
482 1723 642 1785 Macedone
670 1725 785 1790 condita
839 1800 842 1803 ι

144 1814 247 1947 vim.
270 1887 335 1947 Jam
354 1885 482 1946 Romani
502 1906 629 1974 potentes
648 1882 701 1951 effe
722 1904 784 1945 coe·

104 1987 214 2050 petunt.
236 1967 346 2026 bellurn
366 1969 443 2027 enim
466 1968 496 2027 in
515 1968 668 2026 centesimo
688 1975 716 2035 δι
736 1969 787 2027 ni..

105 2051 214 2111 cesimo
232 2048 290 2109 fere
309 2047 443 2108 milliario
460 2048 497 2107 ab
517 2048 597 2110 Urbe
612 2048 687 2129 apud
706 2048 787 2109 Sam,

106 2131 182 2189 nitas
200 2129 369 2211 gerebatur,
391 2131 442 2210 qui
459 2129 548 2189 medii
563 2127 626 2189 sunt
642 2131 713 2190 inter
732 2128 785 2190 Pi,

108 2231 234 2282 cenum,
250 2209 326 2275 Cam
346 2211 464 2280 aniam,
479 2219 506 2270 δι
520 2210 663 2289 Apuliam.
682 2211 786 2272 Lucius

106 2291 236 2372 Papirius
251 2291 312 2353 Cur
326 2312 358 2353 or
373 2312 438 2364 cum
455 2288 562 2350 honore
577 2290 731 2361 Distatoris
748 2290 788 2353 ad

108 2372 139 2436 id
157 2373 262 2432 beilum
278 2371 418 2452 profedius
433 2369 479 2432 est.
501 2372 561 2450 Qui
579 2369 643 2432 etim
660 2371 788 2433 Romam

109 2450 243 2525 rediffet,
274 2454 313 2531 Q.
341 2452 432 2514 Fabio
463 2452 620 2524 Maximo,
646 2451 788 2535 Magistro

104 2534 248 2615 Equitum
263 2580 272 2611 ,
286 2555 371 2616 quem
392 2532 467 2615 apud
482 2535 632 2597 exercitum
650 2533 700 2591 reli
722 2534 787 2604 uit,

109 2617 262 2696 praecepit,
287 2612 374 2675 nese
401 2612 515 2676 absente
542 2630 686 2694 pugnaret.
749 2633 788 2689 e,

109 2698 261 2757 occasione
282 2693 409 2778 teperti,
432 2693 592 2756 felicissimi:
614 2692 787 2768 dimicavit,

108 2786 137 2847 dc
154 2777 299 2844 Samnitas
315 2777 427 2839 delevit.
446 2776 497 2838 Ob
512 2796 600 2863 quam
617 2796 677 2837 reru
696 2773 714 2837 *a
731 2775 790 2839 Di·
