1972 3624
251 254 603 309 earronm
693 264 758 328 3m

80 355 214 430 Bassum,
236 358 403 440 caeterosque
420 360 494 419 alios
512 360 634 431 ditaret,
656 359 760 421 aedibus

80 462 194 522 quoque
221 460 378 503 memoratu
407 440 435 500 di
456 443 521 513 nis,
549 462 667 523 quarum
689 463 761 520 pra:-

80 525 176 601 tipuas
193 521 320 581 videmus
335 568 344 591 ,
368 520 435 581 Part
475 543 537 587 rum
551 539 613 604 quae.
632 524 760 583 dicuutur

79 623 114 665 ac
134 603 276 665 Laterani„
303 600 361 662 Hic
389 603 458 662 nulli
482 606 512 662 in
535 604 682 663 dominatu
708 600 760 662 suo

80 685 207 764 permisit
230 680 352 743 honores
378 683 553 742 venumdari.
577 681 684 744 Latinis
707 685 759 742 lit-

79 766 145 825 teris
166 761 329 824 sufficienter
348 761 492 824 instrudius
509 786 515 819 :
530 764 635 825 Graecis
653 764 761 824 sermo·

79 844 164 903 nibus
184 844 324 907 eruditus.x
339 842 444 904 Punici
466 844 627 924 eloquentiis
643 838 762 926 promp-

79 926 159 995 tior,
181 927 284 1005 quippe
303 928 413 1006 genitus
426 926 501 1005 apud
517 926 629 1006 Leptim
645 929 762 1007 provin·

81 1008 131 1065 ciae
145 1004 256 1068 Afritae.
274 1006 301 1066 Is
316 1005 383 1064 dum
400 1007 594 1066 membrorum
607 1010 760 1078 omnium,

80 1086 207 1144 maximi
227 1085 354 1165 pedum,
379 1086 507 1146 dolorem
529 1087 588 1166 pati
609 1090 761 1168 nequiret,

80 1169 184 1229 veneni
205 1169 290 1234 viee,
315 1167 393 1246 quod
414 1169 440 1225 ei
460 1167 639 1248 negabatur,
665 1169 761 1227 eibum

80 1248 177 1328 gravis
197 1269 230 1310 ae
248 1248 375 1327 plurima
397 1250 487 1306 earnis
504 1243 614 1306 avidius
634 1250 762 1318 invasit,

81 1347 169 1407 quem
189 1325 252 1389 crim
269 1325 406 1390 conficere
421 1348 481 1386 non
499 1324 607 1407 posset,
629 1328 763 1388 cruditate

81 1403 211 1488 psellus,
228 1405 387 1488 exspiravit.
411 1409 495 1469 Vixit
515 1429 604 1468 annos
619 1407 763 1492 sexaginta

82 1491 217 1626 quinppe.

124 1568 153 1627 X
184 1569 206 1627 l.
223 1569 351 1628 Aurelius
365 1571 526 1633 Antoninus
536 1568 683 1630 Bassianus
696 1569 761 1632 Ca-

83 1649 211 1720 racalla,
234 1650 331 1712 Severi
351 1648 447 1723 filius,
471 1651 604 1735 Lugduni
647 1653 763 1725 eniens,

84 1732 234 1809 impetivit
256 1728 332 1792 solus
351 1753 441 1793 annos
462 1729 519 1791 sex.
538 1732 597 1791 Hic
615 1674 763 1795 liassumn

84 1830 118 1871 ex
134 1814 180 1873 avi
197 1814 315 1876 materni
331 1816 447 1873 nomine
466 1811 554 1871 didius
570 1810 616 1872 est.
641 1813 680 1873 At
698 1812 762 1874 cnm
799 1840 807 1845 ¹

85 1890 101 1949 ὲ
120 1891 218 1953 Gallis
232 1891 336 1953 vellem
353 1892 504 1971 plurimam
524 1890 693 1962 devexisset,
713 1912 762 1953 ta-

85 1970 211 2053 laresque
238 1972 387 2033 caracallas
411 1969 543 2043 fecisset,
577 1971 708 2056 co'e'giffet
729 1994 763 2032 ue

86 2052 198 2131 plebem
218 2050 300 2114 adse
320 2050 497 2122 salutandum
516 2051 646 2113 indutam
663 1995 764 2115 tallias

86 2134 227 2202 introire,
250 2131 285 2193 de
305 2137 421 2193 nomine
440 2130 553 2212 hujusce
571 2132 653 2194 vellis
670 2134 766 2196 Cara-

87 2213 160 2273 calla
178 2215 395 2294 cognominatus
409 2212 456 2273 est.
475 2214 532 2273 Hic
551 2213 663 2273 fratrem
684 2214 765 2275 suunt

87 2293 193 2353 Getam
207 2296 347 2372 peremit}
366 2294 405 2353 ob
418 2316 503 2375 quam
517 2292 651 2366 causum,
671 2296 765 2355 surore

86 2394 186 2452 poenas
211 2373 288 2435 dedit
312 2375 448 2435 Dirarum
476 2374 679 2448 inseuatione,
703 2396 765 2456 quae

59 2475 147 2515 uon
173 2453 317 2515 immeritis
347 2456 456 2514 ultrices
482 2475 641 2525 vocantur,
665 2454 681 2516 ὲ
728 2476 766 2515 uo

87 2532 150 2614 post
173 2533 265 2599 furore
291 2537 441 2596 convaluit.
465 2536 523 2596 Hie
548 2555 665 2617 corpore
691 2477 764 2595 sle-

86 2613 187 2674 xandri
214 2615 387 2676 Macedonis
412 2615 560 2697 conspedio
578 2656 592 2686 -,
622 2618 766 2700 Magnum

87 2714 173 2775 atque
190 2695 382 2757 Alexandrum
400 2694 429 2755 se
449 2701 530 2776 jussit
545 2697 700 2777 appellari,
721 2696 767 2757 as-

88 2774 259 2837 senlantium
272 2777 392 2838 fallaciis
408 2776 628 2860 edperdudius,
648 2798 679 2839 ut
695 2780 767 2840 truci

566 2859 647 2921 Oiv
