2056 3628
210 292 265 351 'ro
388 256 753 349 Eurnorri'

259 392 318 459 IV«
340 389 430 457 Lucio
452 397 582 459 Genucio
601 396 758 473 &Quinto
778 384 904 478 Servilio

218 477 416 549 Consulibus,
438 498 563 538 mortuus
585 476 624 536 e‘st
644 477 784 537 Camillus
809 502 815 534 :
837 475 899 536 ho-

218 580 272 622 nor
285 562 311 619 ei
325 558 459 620 secundus
479 557 540 638 post
556 558 712 618 Romulum
729 557 834 618 delatus
848 553 900 619 esti

259 642 299 700 V,
320 641 403 700 Titus
438 640 572 717 Quintius
602 640 736 699 lelaror
769 637 902 700 adversus

219 720 345 792 Gallos,
372 723 422 802 qui
441 723 472 780 in
491 721 604 780 Italiam
623 740 779 798 venerant,
804 717 903 788 missus

219 800 266 862 est.
296 802 340 861 Hi
365 803 402 862 ab
428 793 508 863 Urbe
535 813 635 881 quarto
664 802 798 860 milliario
823 820 904 861 trans

218 883 361 943 Anienem
381 885 498 959 fluvium
521 880 712 942 consederant.
739 882 902 941 Nobilissiu·

218 977 283 1024 mus
308 963 343 1023 de
367 960 548 1023 Senatoiibus
573 965 681 1042 juvenis
701 960 784 1022 Titus
806 963 903 1022 Man-

219 1044 274 1105 lius
286 1092 298 1115 ,
318 1062 520 1125 provocantem
537 1043 680 1115 Gallum,
703 1042 740 1103 ad
761 1044 905 1126 singulare

130 1124 133 1131 ’
221 1137 364 1186 certamen
380 1121 545 1209 .progreffus
574 1124 679 1184 occidit
702 1147 709 1182 i
733 1132 760 1183 &
791 1121 908 1184 sublato

221 1224 321 1288 torque
341 1226 450 1276 aureo,
473 1198 602 1286 colloque
623 1203 672 1265 suo
691 1206 848 1284 imposito,
874 1208 908 1267 in

222 1307 387 1369 perpetuum
406 1284 548 1368 Torquati
567 1309 583 1346 a
605 1285 719 1366 posteris
741 1306 908 1368 cognomen

224 1370 342 1448 accepit.
360 1366 440 1428 Galli
451 1365 544 1450 fugati
558 1365 622 1427 sunt
637 1390 643 1424 r
659 1386 727 1426 mor
738 1385 786 1447 per
796 1367 907 1428 Caium
1006 1390 1011 1399 ·

162 1519 165 1523 ¹
225 1449 382 1528 Sulpicium
410 1449 587 1508 Distatore'rn
613 1450 699 1507 etiarn
726 1447 804 1507 viui.
833 1449 908 1509 Non

226 1529 318 1589 multo
348 1525 411 1609 post
438 1526 557 1589 {Caio
582 1529 694 1589 Marcio
720 1526 809 1588 Tusci
835 1531 910 1590 viui

223 1609 312 1681 sun13
339 1617 366 1669 &
389 1612 455 1669 obbo
481 1609 572 1670 millia
601 1610 775 1692 captivorum
801 1630 834 1670 ex
862 1607 910 1673 bis

225 1692 257 1753 in
272 1693 357 1750 trium
377 1687 445 1749 hum
462 1689 549 1751 ducti.

264 1771 324 1832 Vl⁴
347 1711 457 1832 berilus
472 1770 572 1830 iterum
591 1769 703 1831 habitus
719 1768 767 1830 est.
783 1770 822 1830 Et
839 1768 908 1833 crim

226 1852 324 1914 Latini
337 1890 347 1923 5
387 1852 416 1912 ui
430 1851 597 1912 immanis
611 1850 719 1912 subalbi
735 1870 833 1923 erant,
853 1856 912 1912 mia

227 1934 291 1993 lites
307 1954 361 2014 prae
403 1952 431 1992 re
449 1934 577 2003 nollent,
594 1954 627 1992 ex
641 1933 779 1992 Romanis
796 1932 910 1994 tantum

226 2016 331 2075 tirones
352 2014 417 2074 leui
438 2011 525 2085 sunt,
550 2013 686 2094 factaque
706 2013 731 2073 le
755 2015 831 2073 'ones
851 2014 909 2073 dea

227 2115 290 2155 sem
306 2118 313 2152 τ
328 2096 378 2175 qui
391 2094 492 2171 modus
511 2093 678 2176 sexaginta,
700 2034 882 2176 veixamplius
896 2142 908 2166 ,

200 2233 203 2240 ,
229 2195 402 2234 armatorum
422 2175 513 2234 millia
532 2175 677 2236 efficiebat.
699 2174 795 2235 Partis
815 2174 912 2237 adhuc

227 2255 372 2336 Romanis
386 2250 496 2327 rebus,‘
512 2269 591 2315 tanta
614 2257 757 2315 tamenin
777 2277 805 2314 re
826 2258 909 2316 mili-

228 2338 283 2396 tari
305 2338 391 2396 virtus
412 2336 488 2396 eratl
502 2337 574 2414 Quae
591 2333 655 2396 otim
675 2333 913 2416 profeCiaeellent

229 2414 358 2478 aduersus
380 2416 508 2487 Gallos,
533 2417 602 2477 duce
625 2419 716 2477 Lucio
738 2418 822 2477 Furio
842 2418 910 2479 Ca-

230 2498 312 2561 millo
326 2543 338 2567 ,
358 2497 476 2580 quidam
490 2519 523 2559 ex
540 2496 633 2560 Gallis
651 2510 739 2557 unum
758 2520 791 2557 ex
802 2499 914 2559 Ronaa

230 2582 274 2647 nis
289 2581 367 2660 ,qui
387 2575 618 2660 effet'optimus‚
639 2581 812 2659 provocavit.
832 2579 914 2641 Tum
971 2580 974 2585 ’

232 2659 262 2718 se
281 2657 395 2721 Marcus
408 2660 539 2721 Valerius
550 2660 693 2720 Tribunus
706 2654 835 2719 Militum
855 2663 915 2720 ob·

230 2740 317 2799 tulit:
334 2750 382 2811 &,
407 2739 470 2799 curn
484 2736 659 2821 -processillot
676 2756 821 2813 armatus,
843 2761 913 2800 cor-

233 2841 283 2882 vus
297 2821 323 2879 ei
340 2819 421 2903 supra
438 2815 564 2883 dextrum
578 2819 725 2883 brachium
741 2819 820 2884 sedit.
837 2823 914 2885 Mox
