1982 3614
231 247 298 311 282
382 239 506 312 Aur.
536 239 750 313 Vrcror

229 363 305 421 orbis
320 361 447 422 Romani
463 360 573 422 duobus
591 364 727 442 quaesita,
747 363 795 443 qui
806 383 895 443 quam.
950 400 951 421 1

208 445 271 503 ·vis
292 463 341 522 per
363 443 455 502 Flavii
479 441 603 502 sororem
629 462 746 522 nuptam
770 444 890 513 Licinio,
950 476 951 497 ι

230 524 351 583 connexi
369 525 440 582 inter
458 520 486 582 se
503 543 604 593 erant,
624 524 664 581 ob
681 521 800 584 diversos
814 544 891 582 morer
950 570 951 603 ᾗ

229 623 325 664 tamen
340 604 423 663 anxie
439 606 591 663 triennium
612 624 766 688 congruere
784 606 892 686 quivere.
950 608 951 625 ³

229 684 308 745 Nam
349 705 365 743 e
384 685 425 743 illi
444 705 539 764 praeter
555 684 712 744 admodum
734 705 834 768 magna
852 705 893 744 ca·

230 783 287 824 tera
297 705 387 837 ,lluic
402 766 593 845 parsimonia,
607 774 633 826 ὅ(
647 787 681 824 ea
694 765 807 846 quidem
818 762 894 848 agres-

229 846 289 917 tis,
316 844 516 905 tantummodo
534 848 631 906 inerat.
657 847 788 927 Denique
807 842 894 907 Cons-

230 927 354 986 tantinus
373 930 488 987 cunsios
504 923 595 985 hostes
613 923 721 986 honore
739 949 771 986 ac
791 925 894 986 fortunis

231 1007 409 1067 manentibus
423 1009 512 1079 texit,
530 1009 710 1087 recepitque,
729 1006 765 1068 eb
779 1011 853 1087 pius,
870 1025 895 1065 ιι

232 1089 319 1146 etiam
336 1106 415 1148 vetus
431 1090 666 1169 veterrimumque
683 1086 843 1168 supplicium
857 1108 895 1167 pa·
950 1076 951 1125 l

233 1169 388 1228 tibulorum
404 1177 431 1228 &
449 1167 574 1228 cruribus
594 1164 792 1251 suffringendis
807 1172 896 1249 primur

226 1252 390 1310 removeris
418 1249 496 1308 Hinc
524 1269 574 1329 pro
602 1249 748 1309 conditore
773 1247 819 1308 seu
841 1249 895 1308 Deo

234 1325 357 1390 habitus.
379 1330 491 1389 Licinio
511 1350 547 1388 ne
567 1327 721 1392 insontium
743 1330 850 1411 quidem
868 1347 894 1386 ac

233 1411 375 1470 nobilium
392 1407 629 1490 Philosophorum
648 1408 740 1470 servili
757 1432 831 1470 more
841 1429 897 1467 cm·

233 1492 322 1550 ciatus
345 1488 467 1550 adhibiti
493 1489 611 1550 modum
636 1489 734 1551 secdre.
761 1492 825 1568 Quo
842 1488 897 1549 sanl

232 1573 317 1631 variis
335 1571 435 1650 praeliis
450 1569 531 1651 pulso
542 1617 554 1641 ,
575 1570 638 1631 crlrn
656 1569 728 1632 eum‘
742 1572 844 1652 promis
857 1590 897 1648 op·

234 1653 352 1733 primere
368 1651 485 1712 arduum
500 1651 658 1723 videretur,
676 1653 761 1712 simul
773 1651 897 1712 affinitatis
950 1674 951 1719 l

235 1730 326 1814 gratia
345 1735 448 1812 recepti
465 1730 632 1803 consortio,
654 1731 807 1814 adscirique
822 1735 898 1870 impe·
950 1732 951 1789 l

233 1814 278 1873 rio
314 1811 462 1873 Caesarum
496 1835 661 1873 communes
693 1815 775 1872 liberi
800 1813 847 1874 Cri
858 1831 897 1891 pur

235 1891 496 1974 Constantinusque
509 1895 609 1955 Flavio
627 1896 736 1977 geniti,
756 1895 897 1954 Licinianus

233 1973 356 2035 Licinio.
384 1975 473 2052 Quod
500 1975 630 2057 equidem
656 1977 703 2036 vix
732 1975 897 2042 diuturnum,

235 2076 327 2135 neque
344 2052 388 2115 his
403 2057 453 2136 qui
468 2053 673 2115 assumebantur
692 2054 759 2115 felix
773 2055 847 2126 fore,
862 2052 897 2113 de·

235 2133 311 2195 feslu
333 2136 407 2196 Solis
429 2135 537 2196 foedato
558 2134 659 2196 iisdem
679 2138 820 2197 mensibus
841 2136 895 2201 die,

235 2215 433 2296 parefridum·
450 2218 547 2297 ltaque
581 2216 713 2276 sexennio
744 2216 805 2297 post
834 2211 897 2295 rupti
950 2220 951 2287 ᾗ

236 2318 305 2377 pace
325 2296 399 2377 apud
417 2295 544 2358 Thracas
564 2299 690 2357 Licinius
711 2296 804 2377 pulsus
821 2295 896 2358 Chal·
950 2328 951 2347 ι

238 2378 346 2438 cedona
378 2383 524 2439 concessit.
562 2379 608 2437 Ibi
638 2379 674 2438 ad
705 2379 838 2444 auxilium
867 2374 895 2436 s*
950 2396 951 2453 f

238 2458 415 2520 Martiniano
439 2458 475 2519 ad
493 2460 646 2540 Imperium
674 2478 831 2539 cooptato,
856 2451 897 2516 uri

238 2538 379 2618 oppressus
398 2537 444 2601 est.
467 2540 513 2600 Eo
534 2540 623 2600 modo
645 2539 812 2620 Respublica
834 2540 897 2598 unius

238 2621 357 2680 arbitrio
379 2622 438 2703 geri
460 2623 568 2701 coepit,
589 2622 685 2681 liberis
702 2620 844 2682 Caesarum
859 2618 897 2678 no

238 2700 323 2771 mina·
343 2699 454 2773 diversas
477 2703 678 2764 retentanribus
700 2724 710 2771 3
737 2721 854 2781 namque
876 2692 897 2754 ei

238 2779 398 2865 tempestate
408 2782 578 2863 Imperatori
589 2781 683 2844 nostro
694 2781 860 2845 Constantio
869 2781 897 2837 in·
