2056 3628
206 285 248 351 μ
374 262 697 335 Eornoarr

200 380 319 443 censum
340 382 505 454 ordinavit,
528 387 578 466 qui
600 382 693 444 adbuc
717 404 764 465 per
784 385 884 463 orbem

205 483 339 523 terrarum
361 465 523 548 incognitus
542 484 608 526 erat.
630 467 689 527 Sub
707 486 741 525 eo
763 465 883 539 Romam

203 545 339 604 omnibus
359 545 389 603 in
407 544 521 605 censum
538 546 656 618 delatis,
679 545 777 608 babuit
799 551 881 628 capi-

204 644 265 685 tum
292 638 466 688 rxxx111.
492 629 583 688 millia
602 630 706 690 civium
728 629 884 689 Romano-

202 727 292 777 rum,
313 727 377 766 cum
393 704 459 779 his,
479 710 573 789 quiin
593 711 668 792 agris
687 728 774 769 erant.
797 710 885 770 Occi-

204 785 250 848 sus
267 786 307 845 est
320 809 341 846 x
351 808 367 846 ι
378 809 408 847 v.
426 791 536 870 imperii
552 812 627 851 auno
638 835 650 859 ,
668 788 767 849 scelere
787 793 886 872 generi

202 866 248 930 sui
274 868 449 950 Tarquinii,
475 869 527 930 filii
550 877 607 948 ejus
630 873 727 953 regis,
755 871 803 930 cui
823 870 883 952 ipse

203 947 389 1021 succefferat,
412 960 439 1011 δι
461 950 524 1012 filiae
547 950 625 1023 suae,
648 972 734 1035 quam
758 952 886 1035 Tarqui·

203 1032 267 1095 nius
286 1029 409 1092 habebat
425 1053 550 1093 uxorem.
877 1088 881 1092 .

201 1164 205 1173 ,
245 1112 343 1173 VIII.
365 1113 468 1173 Lucius
481 1114 652 1195 Tarquinius
666 1114 823 1195 Superbus,
837 1113 883 1175 se·

203 1195 309 1274 ptimus
333 1212 417 1275 atque
442 1196 557 1255 ultimus
575 1195 712 1278 Regum,
733 1194 883 1268 Volscos,

205 1279 293 1356 (quat
313 1295 382 1357 gens
402 1274 439 1335 ad
463 1276 655 1357 Campaniam
673 1277 802 1336 euntibus
822 1299 884 1339 non

203 1356 292 1439 longi
310 1358 347 1416 ab
363 1357 444 1417 Urbe
459 1355 521 1431 est)
541 1358 634 1426 visits
654 1356 765 1418 Gabios
782 1359 884 1417 civita·

96 1488 99 1495 .
203 1454 284 1508 tem,
302 1445 330 1497 δι
347 1434 471 1497 Sueffant
487 1439 648 1498 Pometiam
667 1434 778 1521 subegit
791 1460 801 1508 3
816 1459 885 1499 cum

201 1514 305 1577 Tuscis
321 1538 418 1596 pacem
440 1516 529 1588 fecit3
551 1527 578 1579 δι
597 1517 750 1599 Templum
771 1519 837 1579 Jovi
850 1520 885 1581 iu

199 1597 363 1679 Capitolio
377 1596 534 1658 aedificavit.
557 1596 656 1658 Postea
677 1599 801 1660 Ardeam
823 1620 882 1680 op-

222 1700 240 1738 u
262 1700 352 1749 nans,
380 1681 409 1738 in
429 1683 533 1740 ostavo
557 1678 669 1739 decimo
691 1681 824 1740 milliario
844 1681 884 1743 ab

202 1699 283 1821 iube
291 1761 413 1840 positam
424 1761 583 1831 civitatem,
593 1760 741 1841 imperium
752 1760 882 1841 perdidit.

84 1909 86 1914 Α
199 1840 284 1905 Nam
301 1838 365 1901 crim
385 1838 458 1902 filius
478 1845 559 1921 ejus,
585 1839 689 1922 &ipse
711 1841 884 1923 Tarquinius

202 1924 318 2003 junior,
332 1922 538 1983 nobilissimam
551 1920 701 1982 ferminum
711 1923 882 1995 Lucretiam,

203 2003 379 2084 eandemque
395 2002 632 2082 pudicissimam,
655 2000 794 2063 Collatini
815 2024 885 2064 uxo-

200 2104 287 2152 rem,
306 2079 467 2164 stuprbffet,
483 2104 571 2164 eaque
590 2082 625 2143 de
640 2082 741 2161 injurii
755 2086 884 2158 marito,

201 2174 230 2225 δι
248 2166 343 2245 patri,
363 2172 392 2225 &
411 2165 511 2224 amicis
527 2162 623 2245 questa
637 2161 728 2224 fuisset
741 2209 751 2236 ,
766 2167 798 2225 in
816 2176 885 2225 om'-

200 2249 284 2307 nium
304 2243 456 2325 sonipedis
474 2243 503 2305 se
518 2245 633 2305 occidit.
656 2246 771 2323 Propter
793 2267 883 2327 quarn
938 2268 941 2272 ·

202 2324 318 2388 eausam
337 2327 456 2397 Brutus,
475 2347 574 2406 parens
592 2336 618 2387 8(
635 2324 694 2407 ipse
709 2327 859 2409 Tarquinii
869 2370 883 2399 ,

196 2408 340 2489 populum
360 2409 534 2478 concitavit,
554 2417 581 2468 &
598 2406 757 2489 Tarquinio
774 2408 884 2468 ademit

200 2491 363 2569 imperium.
394 2488 467 2548 Mox
490 2490 623 2549 exercitus
649 2509 762 2571 quoque
787 2494 852 2549 eum
867 2534 882 2560 ,

201 2573 252 2652 qui
272 2571 414 2631 civitatem
431 2570 555 2630 Ardeam
576 2591 641 2630 cum
659 2568 721 2650 ipso
740 2591 753 2628 r
790 2590 882 2650 eop-

172 2692 174 2697 ,
203 2652 371 2734 pugnabat,
391 2650 504 2731 reliquit
516 2674 525 2711 ·:
539 2648 709 2732 veniensque
722 2650 758 2711 ad
801 2651 882 2710 rbem

202 2753 270 2800 rex,
292 2734 378 2832 portis
392 2732 511 2802 clausis,
532 2729 724 2794 exclususest.
746 2730 883 2813 Cumque

198 2810 358 2892 imperadet
383 2832 473 2873 annos
499 2814 529 2871 vi
552 2813 603 2873 'nti
631 2814 756 2899 quinque
777 2859 790 2888 ,
816 2832 885 2875 cum

161 2925 163 2929 ·
204 2902 333 2956 uxore&
351 2894 444 2956 liberis
459 2889 514 2956 suis
566 2893 618 2980 git·

318 3004 324 3022 1
