1982 3614
205 308 275 357 200
343 259 476 357 m,
506 282 725 358 Vrcrou

204 418 231 469 &
256 398 351 467 nescio
376 403 433 488 qui
453 424 525 466 voce
547 414 697 466 'reuocante
721 402 886 487 profedus,

192 488 277 548 crim·
294 488 331 547 ad
353 487 541 547 Numantiam
564 485 709 556 venisset,
736 491 886 548 exercitum

205 570 334 648 Pompeii
347 587 493 648 acceptum
507 566 580 648 priris
596 571 735 650 corrigere
747 569 887 640 decrevit,

205 647 435 710 &solitudinem
460 651 548 729 petiit.
573 650 620 710 Eo
644 650 689 708 die
716 649 889 710 Numantini

206 730 281 789 sorte
290 728 401 791 solenni
412 748 500 810 nuptu
511 728 582 789 filias
592 730 746 800 locabant3
761 741 787 791 &
801 752 888 790 unam

119 862 122 867 ,
177 814 179 820 ’
206 809 363 891 speciosam
393 811 502 870 duobus
532 812 784 890 competentibus,
810 831 892 892 pater

163 891 167 898 '
205 893 305 972 puellae
324 891 518 952 conditionem
539 893 622 962 tulit,
642 910 673 949 ut
690 894 716 949 ei
736 891 784 951 illa
803 893 890 951 nube-

205 992 270 1042 ret,
288 974 339 1053 qui
356 970 442 1031 hostis
463 972 590 1031 dextram
608 969 747 1032 retulisset.
766 972 890 1034 Profecti

204 1059 339 1133 juvenes,
351 1050 504 1112 abscessum
516 1053 714 1112 Romanorum
726 1055 756 1112 in
770 1054 890 1113 modum

207 1133 283 1217 sugae
305 1136 512 1213 properantium
539 1131 715 1215 cognoscunt
734 1157 744 1204 3
769 1156 831 1193 rem
854 1135 890 1195 ad

207 1214 272 1275 suos
293 1215 422 1275 referunt.
442 1215 487 1274 llli
508 1213 602 1273 statim
624 1233 745 1295 quatuor
764 1216 889 1276 millibus

208 1295 322 1356 suorum
339 1298 442 1380 viginti
461 1296 551 1355 millia
567 1296 766 1355 Romanorum
783 1297 891 1356 cecide·

208 1398 281 1438 runt.
297 1378 471 1448 Mancinus,
490 1379 604 1436 auctore
617 1375 736 1434 Tiberio
755 1376 892 1437 Graccho

209 1458 343 1539 quaestore
362 1456 433 1529 suo,
450 1460 479 1516 in
496 1459 573 1541 leges
586 1456 710 1516 hostium
723 1455 816 1517 foedus
836 1479 896 1538 per-

209 1543 292 1598 cussit
305 1561 313 1607 3
328 1560 385 1619 quo
397 1560 446 1618 per
457 1539 590 1598 Senatum
603 1539 767 1619 improbato
776 1584 788 1607 ,
803 1540 895 1600 Man-

209 1621 288 1678 cinus
308 1620 491 1678 Numantinis
512 1618 648 1688 deditus,
667 1641 718 1677 nec
740 1639 893 1700 receptus,

209 1702 328 1782 augurio
342 1702 372 1759 ln
384 1698 469 1759 castra
484 1699 640 1770 deducitur,
653 1700 805 1760 Praeturam
816 1700 897 1783 post-

210 1777 243 1839 eit
259 1779 423 1841 consecutus
443 1780 490 1840 est.
808 1841 811 1847 ,
887 1802 891 1807 ·

251 1862 315 1923 LX.
329 1860 438 1922 Lucius'
444 1863 624 1933 Mummius,
639 1861 750 1923 devisi&
762 1862 896 1937 Achaiai,

195 1941 351 2004 Achaicus
373 1989 383 2015 ,
409 1941 539 2004 adversus
566 1942 735 2004 Corinthios
759 1945 857 2004 millus
882 1989 896 2016 ,

210 2026 361 2084 vicioriam
381 2025 474 2086 alieno
494 2024 591 2083 labore
608 2027 753 2105 quaesitam
774 2028 898 2086 interce-

210 2106 261 2184 pit.
280 2105 358 2164 Nam
373 2103 437 2164 crim
459 2106 522 2164 illos
535 2106 668 2165 Metellus
687 2106 898 2167 Macedonicus

210 2185 285 2265 apud
303 2186 471 2247 Heracleam
490 2183 628 2256 fudisset,
650 2195 676 2245 δι
695 2186 766 2246 duce
788 2188 896 2248 Crito-

211 2267 259 2325 lao
282 2265 409 2347 privhsset
433 2290 443 2338 3
474 2286 538 2325 cum
569 2268 714 2329 lidoribus
743 2276 771 2326 &
797 2271 899 2349 paucis

212 2348 352 2428 equitibus
385 2349 414 2407 in
444 2347 556 2405 Metelli
587 2346 672 2407 castra
702 2350 863 2428 properavit
887 2395 898 2420 ,

212 2438 240 2489 δι
263 2425 431 2489 Corinthios
452 2428 489 2487 ad
510 2429 712 2507 Leucopetram
733 2430 803 2487 vicit
825 2429 899 2489 duce

212 2511 322 2580 Diaeo,
341 2512 391 2592 qui
410 2509 528 2568 domum
551 2508 682 2595 refugit,
703 2529 824 2592 eamque
844 2513 896 2569 in-

213 2591 328 2663 cendit,
347 2595 497 2684 conjugem
517 2589 676 2661 interfecit,
699 2592 774 2649 &in
795 2592 898 2673 ignem
929 2636 934 2647 .

212 2674 398 2755 precipitavit
411 2694 422 2743 3
437 2669 494 2750 tpse
508 2692 617 2731 veneno
630 2671 721 2750 periit.
733 2671 899 2732 Mummius

214 2750 389 2811 Corinthum
423 2754 509 2833 signis
541 2750 649 2811 tabulis
665 2768 699 2809 ue
729 2749 897 2831 spoliavit,

215 2833 317 2912 quibus
331 2831 394 2890 crim
407 2848 499 2891 totam
511 2829 637 2912 tepldlset
645 2774 782 2905 italiam,
799 2833 829 2893 in
843 2832 901 2893 do-

216 2935 295 2974 mum
317 2910 395 2976 suum
415 2910 488 2973 nihil
507 2913 634 2974 contulit.
