2056 3628
215 236 255 300 18
306 230 597 299 Evtaotiz
623 228 727 297 ΗΒ.
754 227 783 296 Ι.

212 369 292 410 mota
316 346 354 406 est
375 349 401 406 ei
422 347 552 418 invidia,
575 349 658 428 quasi
676 347 797 427 p'taedam
816 348 894 408 male

213 425 346 491 divisisset
364 451 372 487 t
391 426 545 489 damnatus
561 449 596 486 ue
612 428 651 487 ob
667 446 739 488 ‘eam
756 426 896 499 causam,

210 518 238 570 &
257 507 384 590 expulsus
402 512 549 570 civitatee
574 555 581 569 .
609 508 712 570 Statim
733 509 813 571 Galli
832 510 891 570 Se-

211 611 299 651 nones
319 590 356 650 ad
371 590 481 652 Urbem
502 610 658 661 venerunt,
679 599 707 651 &
725 590 815 651 victos
831 591 896 650 Ro-

214 692 316 731 manos
334 694 354 731 x
365 692 387 731 1.
404 673 537 732 milliario
555 672 591 731 ab
610 672 677 730 urbe
687 670 804 742 Romi,
820 670 899 751 apud

211 756 317 812 flumen
340 753 446 814 Alliam
470 752 576 822 secuti,
600 754 686 813 etiam
707 753 817 814 Urbem
838 774 895 811 oc-

213 853 382 914 cupaverunt
397 859 403 891 z
419 855 510 915 neque
529 832 643 892 defendi
663 833 732 930 quid
753 853 820 893 uam
839 835 898 894 ni'si

214 915 261 979 Ca
281 915 394 975 itolium
416 917 516 994 potuit.
543 913 631 990 Quod
651 935 715 972 cum
733 855 786 974 iiu
807 911 896 973 obse-

215 936 336 1066 diilrint,
356 1002 456 1076 &jam
474 996 601 1055 Romani
620 993 696 1059 fame
713 996 899 1066 laborarent,

214 1073 400 1148 {Camillm
444 1079 473 1136 ui
490 1079 520 1135 in
539 1076 634 1136 vicini
653 1078 765 1137 civitate
784 1075 899 1137 exsula-

214 1159 287 1230 bat,
307 1158 400 1219 Gallis
419 1100 615 1238 li1petventum
629 1154 690 1228 est,
712 1158 908 1241 gravissimi·-

186 1256 189 1263 ’
214 1260 270 1334 qtae
297 1240 366 1300 vieti
397 1236 469 1301 lunt.
502 1237 601 1298 Postea
633 1258 753 1310 tamen,
781 1259 900 1319 accepto

215 1330 303 1380 etiam
327 1340 422 1391 auto,
452 1341 488 1380 ne
510 1320 688 1399 Capitolium
712 1319 901 1392 obsiderent,

214 1397 398 1471 recesserunt,
419 1398 466 1460 sed
483 1397 590 1461 secutus
608 1400 836 1471 eos‘Camillus3
856 1402 900 1462 ita

218 1482 343 1552 cecidit,
357 1501 388 1541 ut
400 1490 427 1542 δι
442 1502 561 1552 aurum,
575 1480 654 1561 quod
667 1478 710 1541 his
724 1481 822 1542 datum
835 1480 901 1541 fue-

216 1581 283 1634 rat,
307 1570 334 1622 &
358 1563 478 1634 omnia,
502 1583 563 1642 qua
590 1582 741 1643 cepetant,
765 1563 906 1625 militaria

217 1646 323 1726 signa,
340 1663 491 1707 revocatet.
506 1643 550 1705 ita
563 1641 645 1705 tertii>
657 1642 831 1725 triumphans
840 1646 904 1706 Ur·
1000 1642 1008 1655 ‘

218 1725 285 1784 bem
308 1721 440 1808 ingressus
460 1723 521 1797 est,
544 1734 571 1785 &
591 1726 744 1806 appellatus
764 1722 909 1788 secundus

218 1806 382 1880 Romtlusa
402 1808 483 1890 quasi
500 1816 528 1875 8(
544 1804 603 1889 ipse
620 1809 716 1890 patria
735 1807 877 1869 conditor.
