1972 3624
246 314 316 379 294
364 286 491 358 Aur.
521 286 796 356 Vrcronrs

241 428 292 471 aut
305 428 366 468 tam
379 406 428 467 diu
447 406 480 466 er
496 409 652 487 potiretur,
672 409 726 466 nisi
744 407 851 488 magnis
864 427 905 465 na·

244 511 310 550 rurae
329 499 357 550 &
377 487 532 548 studiorum
550 489 634 547 bonis
653 484 822 547 abundillet.

285 571 322 631 ΙΙ.
345 570 484 632 Claudius
501 568 632 629 Tiberius
649 569 737 630 Liriae
754 566 840 639 lilius,
856 567 906 628 Cz·

245 650 313 714 saris
338 651 494 712 Ociaviani
530 652 655 733 rivignus
673 650 820 730 imperavit
840 649 907 708 annis

245 734 349 815 viginti
375 732 472 792 tribus.
493 671 569 802 lle,
590 735 657 812 quia
676 731 814 792 Claudius
832 729 908 789 Tibe-

245 815 302 874 rius
319 813 399 874 Nero
418 813 583 884 dicebatur,
602 813 745 894 eleganter
762 812 779 872 *a
795 811 909 891 joculari·

246 895 319 965 bus,
339 893 459 957 Caldius
478 893 608 954 Biberius
630 894 716 955 Mero
740 894 778 952 ob
798 894 910 953 vinolen-

247 978 319 1037 tiam
341 978 504 1036 norninatus
529 972 575 1034 est.
597 975 670 1035 Satis
687 974 805 1055 prudens
825 977 853 1034 in
870 995 909 1034 ar·

247 1059 322 1129 mis,
354 1054 425 1118 saris
442 1079 476 1116 ue
504 1055 664 1116 fortunatus
692 1077 757 1116 ante
787 1053 911 1135 sumptum

248 1139 402 1218 imperium
421 1080 472 1199 iub
490 1136 618 1221 Augusto
642 1137 716 1210 fuit,
740 1155 771 1197 ut
790 1159 845 1196 non
863 1138 911 1195 int·

250 1219 353 1280 meriti)
375 1219 547 1301 Reipublicae
567 1219 729 1278 dominatus
748 1221 775 1277 ei
792 1218 912 1277 commit·

250 1320 361 1362 teretur.
376 1301 471 1362 Inerat
483 1304 510 1361 ei
526 1298 642 1361 scientia
658 1301 815 1360 litterarum
832 1298 914 1357 multa.

250 1383 377 1464 Eloquio
402 1383 532 1452 clarior,
561 1380 609 1442 sed
635 1383 752 1464 ingenio
781 1383 915 1460 pessimo,

250 1466 347 1534 truci,
374 1486 485 1536 avaro,
510 1459 667 1533 insidiose,
690 1463 825 1522 simulans
845 1482 873 1519 ea
893 1456 916 1518 le

251 1544 353 1614 velle‘,
380 1566 442 1626 quae
471 1545 581 1615 nollet,
603 1542 648 1602 his
674 1547 756 1623 quasi
782 1539 915 1611 infensus,

252 1627 355 1706 quibus
382 1624 540 1687 consultum
575 1625 731 1706 cupiebat,
762 1622 805 1684 his
832 1620 917 1690 vero,

273 1728 324 1766 uos
353 1707 471 1778 oderat,
500 1708 581 1788 quasi
608 1707 762 1766 benevolus
788 1723 916 1786 apparens.

252 1727 418 1869 Repentinis
434 1785 661 1869 responsionibus
677 1806 726 1846 aut
737 1788 856 1846 consiliis
868 1804 917 1843 mo·

252 1869 330 1940 lior,
351 1867 438 1951 quim
456 1869 607 1933 meditatis.
623 1870 701 1930 Deni
721 1890 759 1927 ue
775 1861 918 1928 delatnml

253 1951 384 2013 Patribus
429 1953 597 2031 rincipatum
620 1891 722 2032 (quod
740 1950 853 2031 quidem
873 1944 917 2006 astu

249 1974 427 2107 ⁸feceratlli

219 2168 221 2172 ,
254 2131 341 2184 rent,
367 2115 413 2175 vel
444 2112 576 2174 sentirent
604 2116 737 2173 atrociter
765 2112 919 2191 explorans,

255 2214 317 2275 quae
340 2216 383 2256 res
399 2196 492 2255 bonos
510 2192 636 2276 quosque
651 2190 756 2275 pelirim
770 2192 855 2252 dedit.
868 2183 918 2252 AEl·
959 2210 960 2233 ¹

255 2276 388 2336 timantes
405 2279 482 2336 enim
501 2297 535 2335 ex
555 2277 653 2335 animo
677 2295 741 2335 eum
761 2273 848 2357 longi
867 2291 917 2332 ort·
959 2338 960 2357 p

256 2358 336 2417 tione
364 2358 516 2439 imperialis
548 2355 684 2417 molestiae
713 2355 919 2439 magnitudinem
959 2408 960 2433 2

258 2438 416 2510 declinare,
436 2436 500 2497 ctirn
520 2436 671 2499 sententias
681 2437 718 2497 ad
731 2442 790 2518 ejus
808 2436 921 2497 volunta·

258 2541 317 2582 tem
364 2539 503 2591 romunt,
531 2520 654 2580 incidire
684 2520 769 2578 exitia
793 2515 920 2599 postrema

257 2600 313 2663 Iste
340 2542 527 2684 Kappadocas
551 2603 581 2660 in
610 2602 812 2682 provinciam,
831 2611 921 2658 remoto

259 2682 402 2744 Archelao
417 2704 484 2767 rege
500 2703 621 2754 eorum,
637 2682 753 2765 redegit.
773 2681 921 2742 Getulorum

259 2762 410 2826 latrocinia
433 2765 571 2847 repressit.
596 2762 808 2825 Maraboduum
832 2762 920 2823 suevo·

260 2864 324 2913 tum
345 2866 442 2930 regem
463 2844 565 2910 callide
586 2845 777 2913 circumvenit.
794 2841 870 2907 Cum
885 2839 922 2896 iffi·

421 2034 464 2092 tte
485 2033 627 2102 abnuere,
648 2031 719 2113 quid
742 2032 844 2114 singuli
861 2029 920 2088 dite·
959 2104 960 2117 χ
