2056 3628
306 241 490 311 Linea
535 242 607 311 VI.
752 249 795 330 67

125 356 211 435 Quare
236 359 266 418 id
290 359 477 420 bellum‘cn.
498 359 637 440 Pompeio
656 359 797 421 decretum

123 438 178 519 est,
198 440 274 522 quod
290 443 364 500 intra
387 462 491 519 paucos
512 440 622 501 menses
641 443 751 524 ingenti
770 453 797 504 δι

124 519 248 582 felicitate
266 532 294 583 &
315 522 455 582 celeritate
472 521 604 583 confecit.
619 521 693 582 Mox
707 525 734 583 ei
747 524 798 584 de·

124 601 203 662 latum
223 604 331 669 bellum
353 605 440 662 etiam
462 624 559 664 contra
574 626 603 663 re
625 626 669 665 em
683 603 799 665 Mithri-

124 682 209 742 datem
233 695 261 747 δε,
281 685 441 769 Tigranem
466 709 473 742 t
494 708 552 767 quo
568 625 713 766 sudcepto,
735 687 798 751 Mi.-

125 762 268 826 thridatem
292 768 321 827 in
348 764 485 827 Armenia
511 768 627 829 Minore
659 770 799 828 noclurno

123 849 211 926 ptaelio
234 849 305 910 vicit
316 893 329 918 ,
350 845 438 909 castra
455 847 592 929 diripuit:
611 848 799 931 quadraginta

124 928 241 988 millibus
267 934 327 1008 ejus
357 931 478 1000 occisis,
499 930 616 1013 viginti·
629 927 739 990 tanttim
765 930 799 991 de

126 1013 237 1070 exercitu
253 1008 305 1070 suo
318 1010 456 1091 perdidit,
473 1019 500 1071 δι
514 1011 586 1072 duos
599 1011 798 1073 Centuriones.

124 1088 298 1153 Mithridates
323 1113 387 1151 cum
409 1113 495 1152 uxore
518 1092 549 1152 fu
571 1095 612 1163 it,
636 1101 663 1153 &
689 1091 800 1154 duobus

125 1174 268 1234 comitibus
282 1197 289 1229 z
303 1195 396 1255 neque
409 1173 500 1233 multo
516 1114 596 1254 podl,
612 1173 676 1232 edm
687 1174 717 1232 in
733 1171 797 1234 suos

124 1249 242 1323 saeviret,
271 1251 423 1315 Pharnacis
445 1253 498 1314 filii
522 1253 565 1315 sui
590 1254 666 1335 apud
695 1254 800 1315 milites

125 1331 272 1407 seditione,
294 1335 475 1395 admottetn
501 1339 633 1406 coalitis,
657 1356 799 1397 venenum

124 1410 216 1477 hausit.
236 1417 325 1478 Hunc
352 1416 440 1477 finem
461 1414 562 1477 habuit
586 1414 768 1478 Mithridates
792 1441 800 1475 t

125 1499 199 1576 periit
216 1519 312 1559 autem
332 1497 407 1579 apud
420 1496 482 1558 Bos
515 1519 598 1570 rum,
621 1500 664 1559 vir
678 1501 802 1583 ingentis

126 1577 255 1641 industriae
275 1581 452 1661 consiliique.
499 1582 614 1664 egnavit
631 1583 713 1641 annis
725 1578 804 1640 sexa-

125 1661 220 1800 ginta3
244 1662 319 1721 vixit
340 1658 435 1742 septua
459 1663 465 1674 '
488 1680 516 1721 ta
541 1661 678 1721 duobus:
705 1681 803 1722 contra

150 1764 266 1803 omanos
278 1743 385 1802 bellum
397 1682 497 1802 hahuit
505 1744 586 1803 annis
600 1741 799 1826 quadraginta.

161 1823 238 1884 XIII.
262 1823 386 1907 Tigrani
405 1823 507 1884 deinde
523 1824 675 1904 Pompeius
693 1822 801 1882 bellurn
858 1831 860 1835 ’

128 1900 218 1965 intulit
237 1930 243 1962 :
259 1904 349 1965 illese
367 1907 394 1964 ei
413 1905 511 1975 dedit,
525 1905 593 1963 &in
611 1901 699 1963 castra
715 1903 805 1963 Pom-

125 1986 177 2064 peii
206 1984 415 2046 sexto-decimo
445 1986 579 2047 milliario
605 1986 642 2044 ab
667 1983 804 2045 Artaxath

125 2069 196 2126 venit
210 2091 216 2126 :
231 2089 266 2127 ac
286 2066 418 2127 diadema
438 2066 539 2138 suum,
559 2065 622 2126 crim
640 2065 804 2147 procubuis-

124 2144 162 2206 set
183 2149 219 2210 ad
237 2170 331 2233 genua
351 2150 506 2230 Pompeii,
537 2150 567 2208 in
591 2149 722 2208 manibus
751 2150 805 2228 ipsi

125 2230 274 2291 collocavit
300 2254 306 2287 ι
331 2229 409 2311 quod
434 2232 461 2288 ei
483 2228 635 2309 Pompeius
658 2226 803 2309 reposuit,
849 2296 854 2309 ἱ

125 2304 336 2392 honorificeque
358 2332 425 2371 eum
441 2309 589 2383 habitum,
610 2312 690 2392 tegni
708 2329 805 2370 tumen

126 2409 199 2469 parte
209 2392 345 2453 multavit
356 2438 365 2463 ,
377 2392 515 2476 grandi&
525 2390 642 2472 pecunih
652 2414 662 2461 3
674 2390 806 2470 adempta

125 2469 161 2532 est
177 2477 203 2534 ei
220 2475 324 2557 Syria,
335 2471 471 2534 Phoenice
482 2521 494 2544 ,
509 2470 640 2553 Sophene
655 2495 663 2528 t
676 2468 724 2530 sex
734 2473 804 2530 mil-

124 2553 161 2614 lia
179 2575 311 2637 praterea
331 2556 500 2615 talentorum
519 2556 647 2636 argenti,
669 2573 730 2631 quae
748 2553 807 2611 Po·

124 2635 187 2714 pulo
215 2638 353 2697 Romano
385 2634 487 2708 daret,
516 2637 583 2718 quia
613 2633 720 2694 bellum
747 2636 808 2695 sine

125 2717 206 2779 aaut
228 2719 370 2779 Romanis
395 2713 600 2779 commovillet.

161 2799 267 2862 XIV.
295 2800 448 2882 Pompeius
471 2821 539 2860 mox
569 2800 656 2861 etiam
683 2795 808 2861 Albanis
832 2799 834 2803 ’
