1982 3614
198 256 267 319 224
334 230 463 305 ΑΜ.
492 231 703 302 VICTOR

195 374 266 434 qtros
282 351 413 412 Tiberius
431 352 517 410 exitio
534 353 735 431 interceperat,
752 371 886 431 permo-

196 436 319 493 vebatur.
339 431 406 508 Qui
425 430 506 492 causi
524 433 685 492 nitebantur
704 434 796 493 'omnes
821 456 887 492 ca·

194 513 259 574 sum
270 533 353 575 tantae
366 512 482 572 familiae
498 513 582 572 lenire
596 511 791 574 adolescentuli
801 512 859 592 spe
875 536 885 569 :

196 595 275 655 Tum
292 598 358 675 quia
375 613 455 654 natus
471 595 500 652 in
518 597 637 654 exercitu
652 594 747 666 (unde
763 616 886 676 cogno-

197 695 324 736 mentum
346 675 535 734 calceamento
557 676 674 735 militari
690 677 855 756 quaesiverat
870 682 889 749 )

198 756 358 840 legionibus
387 777 465 815 carus
495 753 678 837 acceptusque
712 754 886 816 habebatur.

198 835 336 898 Praeteteb
361 835 589 917 prudentissimus
634 835 731 918 uisque
757 836 888 896 similem

201 917 262 978 fore
293 916 336 977 sui
364 917 524 989 credebat,
552 859 633 997 quoii
661 917 750 1000 longe
777 915 856 977 [ecus
872 961 888 989 ‚

199 1001 281 1080 quasi
301 1015 405 1057 natura
426 999 489 1080 lege
508 1020 518 1068 3
539 1018 600 1077 quar
619 998 716 1057 crebro
733 1017 889 1078 tamquam

198 1081 236 1139 'ex
261 1075 395 1139 industrii
422 1079 513 1138 malos
540 1078 555 1136 ὲ
585 1079 695 1157 bonisj
720 1077 836 1161 agrestes
866 1079 889 1136 ὲ

201 1159 392 1229 doctoribus,
419 1168 446 1219 δι
474 1178 585 1218 caeteros
612 1156 808 1239 hujuscemodi
833 1156 887 1218 seu

202 1261 302 1302 contra
325 1242 426 1324 gignit
448 1239 517 1317 Quo
541 1238 657 1299 demum
680 1242 808 1320 exemplo
831 1237 883 1298 sa-

201 1325 338 1403 pientium
358 1321 447 1400 plures
465 1317 577 1380 caruisse
594 1321 690 1380 liberis
710 1323 804 1381 utilius
823 1319 881 1381 du-

202 1405 276 1462 xire.
293 1401 436 1463 Caeterum
453 1404 482 1460 in
495 1400 628 1484 Caligulb
644 1398 720 1461 haud
738 1423 881 1483 quaquam

202 1504 270 1541 vero
293 1484 446 1562 plurimum
469 1481 584 1542 aberant
603 1505 613 1553 3
639 1485 742 1563 quippe
763 1486 811 1563 qui
831 1481 881 1541 diu

202 1565 341 1623 immania
354 1565 443 1622 animi
455 1563 493 1622 ita
508 1562 631 1642 pudore,
645 1586 677 1622 ac
694 1563 807 1643 parendi
821 1561 882 1642 spe·

203 1647 245 1702 cie
264 1644 425 1714 obtexerat,
442 1646 484 1702 uti
506 1641 608 1703 merito
621 1644 806 1725 vulgaretur,
824 1664 878 1701 ne-

128 1796 133 1806 ,
201 1745 258 1805 que
272 1725 400 1783 meliores
410 1722 532 1784 famulos
546 1745 636 1804 neque
649 1728 815 1784 atrociorem
826 1724 880 1783 do·

202 1808 314 1866 minum
346 1805 397 1864 illo
427 1801 514 1864 fuiffe.
541 1804 672 1885 Denique
699 1809 794 1865 nactus
821 1825 878 1884 po-

203 1883 330 1945 testatem
351 1932 363 1955 ,
388 1888 429 1945 uti
450 1886 517 1945 talia
537 1886 651 1968 ingenia
678 1886 764 1945 deteti
791 1883 881 1945 solent

203 1969 272 2027 anni
291 1967 453 2037 mensibus,
473 1968 588 2049 egregia
606 1966 690 2046 adpo
710 1967 789 2025 ulum
808 1967 881 2025 inter

203 2066 294 2126 partes
308 2068 372 2107 cum
388 2047 522 2106 militibus
533 2050 635 2128 gessit:
652 1988 798 2128 delictique
812 2067 882 2107 con-

204 2128 365 2204 juratione,
381 2130 461 2207 quasi
480 2126 573 2186 mimis
593 2126 727 2197 credens,
744 2126 880 2207 ptaedica-

205 2226 267 2278 ret,
280 2210 328 2266 vix
340 2209 489 2267 convenire
501 2209 531 2266 in
547 2229 612 2267 eum
624 2253 633 2279 ,
649 2213 724 2286 cujus
737 2210 795 2268 vita
813 2209 881 2267 nul-

205 2287 259 2347 lius
283 2290 362 2347 oneri
381 2307 430 2347 aut
451 2287 635 2349 incommodo
655 2286 727 2348 effet.
749 2287 807 2348 Sed
833 2309 880 2346 re-

205 2368 290 2450 pente
313 2370 388 2429 caesis
406 2368 527 2449 primum
545 2370 622 2429 vatio
644 2368 769 2428 facinore
792 2371 880 2428 inno-

205 2453 329 2510 centium
369 2451 574 2529 paucioribus,
611 2469 747 2531 tanquam
784 2449 882 2509 bellua

206 2527 306 2591 hausto
322 2529 457 2612 sanguine
468 2531 613 2613 ingenium
629 2532 772 2601 exercuit3
789 2533 883 2612 itaque

207 2610 336 2690 deinceps
349 2613 499 2672 triennium
514 2608 730 2690 consumptum,
753 2610 818 2670 crim
834 2613 884 2671 Se-

206 2690 289 2749 natlrs
300 2711 382 2771 atque
393 2693 495 2772 optimi
513 2690 643 2772 cujusque
657 2692 809 2770 multiplici
821 2692 881 2751 cla-

209 2768 398 2835 deterrarum
419 2773 494 2835 orbis
516 2771 675 2836 foderetur.
695 2772 776 2852 Quin
800 2775 884 2845 ctiam
