2010 3616
228 284 292 352 152
342 257 468 331 Auu.
498 250 769 328 Vtcronrs

225 402 312 466 gnam
331 383 357 439 ei
372 378 510 447 invidiam
530 380 699 441 conflaverat
710 424 722 448 ,
742 376 827 460 usque
844 399 897 448 eo,

225 482 256 522 ut
273 463 357 522 armis
373 462 487 542 quoque
511 461 537 519 ei
552 462 616 519 vim
628 458 811 520 denuntiaret.
824 459 898 519 Tum

226 540 363 604 Ascanius
376 539 554 622 jurejurando
572 538 600 600 se
615 561 760 624 purgans,
780 539 842 600 ctltn
860 543 900 600 ni-

152 688 155 693 ,
228 622 270 683 hil
295 621 369 703 apud
393 643 440 682 eos
455 620 632 703 'proficerem
660 619 747 702 petiti
771 621 902 682 ductione

228 704 264 765 ad
287 702 515 785 inquirendum,
545 704 616 762 iram
644 696 805 783 praesentem
828 704 905 785 vulgi

229 783 434 866 aliquantulum
454 782 562 877 fregit3
584 780 780 864 pollicitusque
797 781 857 856 est,
879 782 907 842 se

230 866 391 950 ingentibus
406 885 525 946 praemns
539 865 745 925 cumulaturum
762 886 826 925 eunt
838 910 848 936 ,
861 865 910 945 qui

231 946 286 1008 sibi
302 948 453 1007 Lauiniam
471 943 681 1030 investigbllet:
702 967 771 1004 mox
794 966 909 1026 recupe-

231 1048 322 1089 ratam
346 1049 410 1088 cum
432 1025 492 1087 filio
516 1029 547 1086 in
571 1027 669 1087 urbem
691 1027 844 1087 Lavinium
866 1047 912 1086 te-

233 1109 337 1182 duxit‚
362 1109 515 1189 dilexitque
542 1104 651 1169 bonore
679 1127 818 1169 materno.
844 1107 914 1184 Quae

234 1213 276 1252 res
302 1187 409 1251 rursum
438 1190 465 1248 ei
489 1210 628 1271 magnum
656 1186 793 1267 favorem·
839 1189 916 1269 opuli

235 1273 423 1343 conciliavit,
442 1290 473 1330 ut
492 1267 616 1331 scribunt
637 1269 728 1331 Caius
750 1210 848 1331 Caesir
856 1316 869 1343 ,
890 1279 917 1330 &

236 1354 334 1414 Sextus
349 1352 458 1415 Gellius
474 1352 504 1411 in
520 1351 643 1435 Origine
684 1352 754 1411 entis
769 1351 916 1411 Romane.

235 1436 275 1494 At
290 1431 357 1493 verb
375 1434 425 1492 alii
442 1432 579 1504 trudunt,
601 1373 683 1513 quoi

235 1515 273 1574 ab
293 1511 423 1574 universo
441 1515 546 1594 populo
563 1512 600 1573 ad
617 1511 814 1573 restituendam
833 1513 917 1572 Lavi·

236 1596 314 1654 niam
336 1614 505 1679 cogeretur,
526 1600 682 1675 juraretque
704 1591 732 1653 se
757 1615 849 1674 neque
869 1596 916 1652 in-

237 1672 394 1747 teremille,
411 1697 501 1757 neque
519 1675 587 1736 scire
606 1674 656 1734 ubi
672 1671 736 1735 ellet
748 1721 758 1746 ,
772 1670 918 1755 Tyrrhum
992 1692 993 1745 ξ

237 1758 325 1838 petito
349 1757 460 1817 silentio
481 1759 511 1817 in
531 1755 743 1817 macerrimis
761 1753 919 1836 frequenti&
992 1758 993 1761 ’

238 1835 389 1918 professum
409 1838 567 1910 indicium,
584 1839 607 1901 si
624 1838 698 1913 sibi,
715 1837 918 1919 Laviniaeque,

237 1936 380 2002 pueroque
408 1941 442 1978 ex
467 1917 500 1978 eb
523 1939 592 1979 nato
619 1916 688 1979 fides
717 1918 920 1978 incolumitatis

239 2000 375 2073 daretur3
399 2020 515 2082 tumque
537 2022 600 2060 eum
622 1997 736 2079 accepti
753 1994 809 2058 fide
827 1999 918 2060 Laui-

239 2083 318 2142 niam
338 2083 368 2141 in
387 2081 484 2140 urbem
504 2102 568 2140 cum
586 2079 646 2140 filio
665 2076 815 2140 tedunill'e.¹

281 2160 393 2222 XVII.
414 2160 481 2221 Post
499 2159 558 2223 haec
573 2158 710 2222 Ascanius
727 2156 876 2242 completis
891 2165 919 2220 in

237 2242 364 2305 Lavinio
388 2244 505 2326 triginta
528 2245 629 2314 annis,
658 2241 818 2303 recordatus
840 2263 921 2302 noue

243 2325 318 2384 urbis
345 2322 497 2384 condendae
517 2342 627 2404 tempus
643 2318 781 2385 advenille
807 2344 842 2382 ex
865 2344 919 2383 nu·
991 2386 992 2395 ¹

242 2427 322 2465 mero
341 2426 510 2485 porcorum,
529 2427 601 2487 quos
616 2425 649 2486 pe
670 2423 757 2464 ererat
773 2402 819 2464 sus
834 2405 921 2481 alba,
991 2400 992 2451 l

244 2485 449 2568 circumspectis
473 2485 621 2570 diligenter
644 2426 773 2547 initimis
793 2487 919 2579 regioni·
991 2544 992 2549 ,

244 2569 296 2630 bus
304 2615 315 2642 ,
331 2566 485 2650 speculatus
499 2587 627 2628 montem
647 2566 771 2638 editum,
785 2586 837 2647 qut
850 2587 921 2627 nunc
991 2570 992 2601 ;

244 2650 282 2710 ab
302 2650 335 2709 eb
352 2651 443 2722 urbe,
464 2670 524 2730 que
544 2650 574 2711 in
597 2670 631 2708 eo
652 2648 766 2709 condita
782 2646 846 2719 est,
867 2648 920 2708 Al·
991 2666 992 2681 ¹

244 2730 334 2790 banus
353 2752 446 2791 nuncu
467 2749 551 2802 atur,
579 2731 722 2791 civitatem
740 2731 923 2799 communit3

247 2830 365 2892 eamque
388 2832 423 2872 ex
444 2752 560 2884 ibrmb,
585 2809 663 2894 qubd
689 2813 729 2873 ita
752 2812 784 2872 in
806 2810 923 2893 longum

695 1432 760 1491 crim
779 1429 917 1491 Ascanius
992 1480 993 1501 s
