1982 3614
222 263 291 342 246
357 252 760 326 AumVrcTort
863 225 868 229 ¹

221 371 340 433 validiris
366 377 488 454 pressis,
510 371 563 434 exl
578 376 669 434 itavit.
693 376 761 452 Quo
784 375 896 457 cognito

223 456 364 526 Senatus,
384 459 434 536 qui
459 456 498 514 ob
525 397 593 514 fella
616 456 813 515 lanuariorum
834 455 893 514 fre-

223 556 311 617 quens
332 539 425 614 primo
444 535 501 595 luci
518 555 709 607 convenerat,
735 537 816 596 simul
833 536 893 616 ple-

224 618 273 676 bes
295 613 404 676 hostem
425 616 555 676 Deorum
574 636 658 697 atque
677 614 825 677 hominum
842 637 893 696 ap-

224 697 362 778 pellavere
375 741 388 767 ,
409 697 621 779 radendumque
639 719 745 758 nomen
765 696 894 766 sanxire3

225 774 374 837 confestim
395 799 430 837 ue
454 777 590 838 Praefedbo
605 780 680 840 Urbi
702 779 777 840 Aulo
796 779 893 840 Helvio

225 859 368 919 Pertinaci
442 863 531 919 etium
550 858 681 919 defertur.

265 938 400 999 XVIII.
453 943 479 1000 ic
499 940 633 1000 dodrinae
653 944 748 1002 omnis
765 962 797 1001 ac
815 942 896 1001 mori·

165 1076 170 1083 ,
225 1023 278 1081 bus
296 1023 519 1101 antiquissimis,
540 1021 696 1081 immodice
719 1044 816 1102 parcus
836 1021 894 1083 Cu·

227 1105 285 1162 rios
300 1121 459 1183 aequaverat
467 1100 616 1162 Fabricios
633 1124 675 1162 ue.
693 1103 770 1163 Eum
784 1103 895 1172 milites,

227 1182 291 1264 quis
315 1180 447 1244 exhausto
474 1187 535 1262 jam
558 1125 724 1264 perditoque
751 1185 819 1243 orbe
841 1182 897 1243 latis

227 1265 338 1325 videtur
356 1261 451 1334 nihil,
470 1262 621 1344 impulsore
637 1264 751 1334 Didio,
768 1263 840 1325 foede
857 1268 896 1344 ju·

229 1346 361 1428 gulavdre
385 1348 561 1438 odiogesimo
581 1348 694 1425 imperii
712 1344 767 1407 die.

270 1425 364 1485 XIX.
375 1425 415 1485 At
425 1426 527 1487 Didius
540 1426 649 1486 Salvius
662 1427 809 1497 Julianus,
822 1425 897 1485 fretus

228 1504 426 1576 Pretoriarsis,
447 1529 519 1588 quos
535 1509 565 1566 in
585 1504 748 1567 societatem
769 1507 898 1587 promissis

230 1584 520 1686 magnificentioribus
538 1589 716 1669 perpulerat,
737 1610 771 1648 ex
791 1585 898 1648 Praelec·

229 1687 294 1726 tura
311 1671 339 1727 vi
361 1667 453 1739 ilum,
473 1668 510 1728 ad
522 1671 573 1728 ins'
618 1672 645 1729 ia
663 1668 824 1730 dominaris
858 1688 899 1726 ro·

231 1749 321 1811 cessit.
336 1689 434 1810 genus
451 1753 478 1808 ei
495 1770 581 1829 perno
601 1750 638 1809 ile
649 1795 659 1823 ,
672 1748 795 1832 jurisque
812 1690 898 1808 urbani

229 1827 360 1911 praestuus
377 1827 515 1900 scientid,
533 1833 636 1912 quippe
672 1834 702 1890 ui
719 1835 823 1912 primus
838 1828 900 1888 edic·

231 1910 314 1983 rum',
334 1911 411 1994 quod
432 1911 509 1973 varie
529 1853 730 1995 inconditique
748 1911 765 1972 ὲ
785 1911 899 1972 Praetori·

232 1993 284 2052 bus
295 1993 500 2072 premebatur,
518 1994 548 2053 iu
565 1993 695 2055 ordinem
711 1991 896 2074 composuerit.
969 2052 970 2057 χ

232 2072 366 2155 Hincque
384 2072 449 2134 satis
465 2093 663 2154 compertum,
677 2072 838 2134 cohibenda
855 2092 897 2131 cu·
969 2078 970 2087 ’

233 2152 352 2233 pidiui‚
377 2157 524 2238 ingenium
546 2157 578 2214 ni
600 2161 707 2236 juvet,
730 2155 898 2215 eruditionem

232 2235 405 2297 imbecillem
431 2232 492 2295 else.
513 2235 591 2296 Cum
613 2255 765 2317 praeceptor
787 2230 898 2314 &asper
968 2260 969 2307 ss

234 2314 373 2396 quidem,
393 2315 494 2376 reditis
513 2316 648 2388 vivendi,
670 2320 700 2376 in
721 2316 827 2377 facinus
846 2334 898 2394 pro-

235 2392 361 2467 cesserit,
384 2397 462 2538 qqod
480 2418 557 2458 novo
579 2394 714 2491 supplicio
739 2394 898 2478 pledieuduru

236 2477 371 2538 ediderat.
422 2499 492 2560 eque
509 2497 605 2538 tamen
622 2498 716 2557 cupito
737 2482 836 2558 potitus
849 2475 894 2534 diu.

234 2558 370 2640 Namque
390 2579 477 2629 eum,
500 2561 620 2639 acceptis
640 2557 708 2618 ilicb
728 2579 790 2639 quae
810 2553 898 2616 occide

234 2658 319 2711 rant,
337 2640 489 2720 Septimius
507 2639 647 2709 Severus,
666 2641 716 2720 qui
737 2639 810 2698 forte
830 2637 897 2717 Syrit

235 2718 362 2800 legatus,
379 2722 408 2780 in
422 2722 552 2781 extremis
562 2722 644 2781 vterris
657 2720 764 2780 bellum
780 2718 895 2802 gerebat,
966 2758 967 2767 s

234 2793 391 2880 Imperator
411 2821 541 2874 creatus,
558 2820 676 2886 pontem
692 2801 818 2885 proxime
833 2794 896 2861 llu-
