1982 3614
89 215 92 221 ’
189 223 246 275 nn
266 208 386 278 Vnus
403 224 691 280 rrrusrrersvs.
720 232 785 279 201

145 325 230 388 LXI.
247 328 389 405 Quindus
402 327 535 390 Catilius
552 328 686 388 Metellus
705 325 721 387 *a
737 329 791 388 do-

104 407 175 471 miti
205 408 406 479 Macedonid,
429 408 658 480 Macedonicus,
681 410 788 471 Praetot

104 487 410 570 Pseudophilippum,
441 491 492 570 qui
524 490 602 550 idem
634 490 789 553 Andriscus

104 569 196 630 didius
215 568 275 640 est,
292 572 369 630 vicit.
384 567 504 630 Achaeos
517 569 560 631 bis
579 573 673 650 ptaelio
691 570 787 645 fudit,

103 648 321 729 triumphandos
351 651 497 710 Mummio
522 651 646 712 tradidit.
676 651 788 713 Invisus

102 731 180 810 plebi
193 733 235 790 oh
247 733 368 791 nimiam
386 728 581 802 severitatem,
600 742 627 793 &
644 731 709 793 idei)
723 733 787 814 post

103 810 173 872 duas
188 833 218 870 re
239 811 311 871 ulsas
323 809 434 872 Consul
444 813 517 895 aegrh
531 811 643 881 factus,
658 815 786 877 Arbacus

100 892 131 951 in
161 893 203 952 H·
220 891 305 971 panii
331 891 452 952 domuit.
479 893 565 972 Apud
597 892 785 959 Contrebiam

102 974 240 1053 oppidum
255 971 384 1033 cohortes
396 974 461 1034 loco
476 973 584 1052 pulsas,
599 974 688 1034 redire
700 986 727 1037 &
739 978 787 1037 lo-

101 1074 168 1112 cum
194 1056 314 1134 recipere
339 1056 426 1133 jussit.
451 1054 528 1117 Crim
549 1057 648 1115 omnia
669 1061 783 1136 proptio

101 1142 128 1193 δι
151 1133 246 1194 subito
271 1136 389 1195 consilio
409 1149 530 1218 ageret,
553 1137 648 1195 amico
671 1139 784 1201 cuidant

99 1216 172 1295 quid
193 1220 303 1276 auarus
321 1212 386 1275 eslet
405 1218 540 1298 roganti:
556 1215 719 1289 Tunicam,
739 1220 786 1278 in-

101 1297 185 1376 quit,
208 1317 304 1355 meam
319 1317 482 1367 exurerent,
503 1298 528 1356 si
548 1316 611 1356 eam
635 1297 785 1364 consilium

102 1396 199 1435 meum
219 1375 288 1436 scire
310 1375 505 1437 existimarem.
529 1376 586 1437 Hic
607 1397 726 1457 quatuor
747 1377 783 1438 fi-

102 1457 207 1516 liorum
229 1477 333 1537 patet,
360 1456 489 1537 supremo
513 1478 638 1538 tempore
660 1455 784 1522 humeris

100 1538 200 1596 eorum
219 1539 255 1598 ad
275 1539 431 1618 sepulcrum
449 1539 521 1599 latus
542 1537 581 1598 est
601 1562 612 1611 3
632 1542 783 1621 exquibus

95 1635 155 1677 tres
183 1617 364 1691 consulares,
381 1640 468 1680 unum
492 1623 579 1685 etiam
599 1619 781 1702 triumphan-

100 1717 158 1759 tem
174 1700 255 1761 vidit.
705 1730 709 1737 ·

140 1781 235 1841 LXII.
250 1781 390 1858 Quinstus
402 1781 534 1843 Caecilius
543 1783 675 1842 Metellus
689 1829 698 1854 ,
713 1784 780 1845 Nu-

101 1862 244 1934 midicus,
267 1864 318 1943 qui
342 1859 455 1929 Consul
477 1861 512 1920 de
537 1860 697 1945 Iugurthi,
716 1885 782 1946 rege

98 1941 263 2015 Numidia,
275 1940 467 2023 triumphavit.
479 1939 590 2002 Censor
595 1943 781 2019 Qumffium,

94 2025 150 2103 .qui
165 2022 195 2082 se
209 2023 319 2083 Tiberii
331 2020 455 2084 Gracchi
468 2020 559 2082 lilium
575 2025 781 2097 mentiebatur,

94 2104 129 2163 in
153 2103 270 2165 censum
292 2126 354 2164 nou
378 2106 489 2184 recepit.
518 2104 599 2163 Idem
628 2107 658 2165 in
686 2107 780 2190 legem

44 2227 49 2235 -
98 2184 271 2266 Appuleiam
291 2186 419 2265 pervim
441 2185 529 2245 latam
550 2189 640 2264 jurate
663 2189 777 2261 noluit,

99 2287 187 2347 quate
206 2269 236 2326 in
258 2266 385 2326 exsilium
404 2268 502 2337 astus,
521 2265 647 2347 Smyrnae
666 2266 779 2328 exsula-

99 2350 149 2410 vit.
177 2345 295 2410 Calidis
316 2346 417 2406 deinde
437 2349 586 2429 rogatione
611 2369 781 2421 revocatus,

99 2426 164 2488 cdm
186 2428 260 2489 ludis
285 2427 357 2488 forth
381 2428 485 2487 litteras
509 2430 541 2486 in
565 2425 675 2488 theatto
695 2451 780 2493 acce-

99 2507 200 2591 p'tll‘et,
221 2531 279 2569 non
300 2505 374 2588 priris
392 2529 438 2569 eas
456 2509 550 2590 legere
570 2507 781 2592 dignatusest,

89 2589 189 2670 ⁴qu‘am
207 2588 396 2670 spectaculum
414 2586 546 2647 finiretur.
564 2589 687 2648 Metellae
702 2589 783 2650 soto-

90 2673 137 2730 ,tis
156 2669 212 2730 suae
230 2672 322 2730 virum
342 2668 580 2740 laudarenoluit,
601 2667 679 2749 quhd
696 2673 718 2732 is
739 2669 783 2733 so-

96 2750 143 2813 lus
161 2751 304 2831 judicIum
320 2768 419 2814 contra
436 2749 512 2833 leges
530 2747 701 2892 deueithrat.
781 2833 787 2846 ἱ

645 2854 664 2894 v
