2010 3616
230 206 298 269 180
336 232 339 238 ,
371 197 502 267 Aure.
544 197 765 268 Vtcrou

225 321 375 405 publicata.
399 319 622 396 Gentilitasejus
634 318 739 378 Manlii
751 338 900 400 cognomen
970 328 971 349 ³

226 404 366 483 ejuravit,
390 422 426 463 ue
450 402 514 481 quis
535 397 631 479 posted
654 400 832 479 Capitolinus
854 421 901 460 vo·
972 416 973 449 l

228 503 348 543 caretur.

180 622 190 636 ,
229 616 234 621 .
268 562 389 622 XXV.
424 562 572 622 Fidenates
603 561 683 621 Fidei
716 562 903 621 Romanorum

228 642 344 714 hostes,
365 665 396 703 ut
416 647 477 703 sine
497 641 544 722 spe
564 646 652 702 veniae
675 642 775 702 fortius
795 642 904 700 dimica-

227 743 310 795 rent,
331 725 442 807 legatos
463 724 499 783 ad
522 721 549 782 se
572 721 666 783 mill'os
690 722 903 792 interfecerunt3

228 806 265 867 ad
293 826 366 886 quos
393 806 543 882 Quinstius
569 804 757 864 Cincinnatus
785 805 905 863 Didatot

228 882 324 947 missus
346 884 516 965 Magistrum
535 887 661 965 equiturn
685 883 784 944 hebuit
801 885 905 944 Corne-

229 967 302 1039 lium
328 964 448 1028 Collum
472 1011 482 1035 ,
510 967 559 1046 qui
585 967 698 1025 Lartem
725 965 905 1025 Tolumnium

230 1048 333 1123 ducem
357 1046 405 1107 sui
424 1067 510 1107 manu
529 1045 678 1106 interfecit.
699 1047 745 1106 De
768 1068 803 1105 eo
825 1046 906 1126 spolia

232 1132 330 1210 opima
349 1130 415 1198 Jovi
433 1129 557 1189 Feretrio
577 1125 711 1189 secundus
732 1127 768 1187 ab
789 1127 907 1187 Romulo

231 1209 414 1273 consecravit.
480 1242 482 1247 ·
668 1231 671 1243 ¹
881 1282 889 1287 ·

233 1347 238 1355 .
275 1291 404 1351 XXVI.
426 1291 457 1349 P.
484 1290 588 1349 Decius
608 1288 676 1349 Mus
698 1289 775 1349 bello
797 1290 906 1349 Samni*
972 1294 973 1337 ἐ

233 1375 291 1433 tico
325 1371 376 1431 sub
406 1371 523 1430 Valerio
555 1371 686 1430 Maximo
717 1381 745 1430 δι
777 1369 906 1430 Cornelio
972 1396 973 1399 ¹

232 1448 325 1513 ,Collo
339 1449 511 1512 Consulibus
524 1451 668 1510 Tribunus
683 1453 805 1510 militum
815 1498 827 1520 ,
842 1472 907 1510 exet·

156 1590 170 1600 ,
234 1535 294 1593 citu
306 1535 335 1591 in
354 1531 486 1612 angustiis
499 1532 591 1592 Gauri
603 1535 708 1591 montis
727 1532 837 1591 insidiis
849 1529 907 1590 hol·

234 1616 305 1675 tium
326 1611 441 1683 clauso,
464 1634 599 1692 accepto,
614 1612 692 1694 quod
711 1612 904 1692 postulaverat,

254 1694 362 1754 taesidio
387 1740 398 1763 ,
427 1696 457 1752 in
481 1692 649 1771 superiorem
676 1694 770 1754 locum
798 1697 906 1762 evasit3

230 1714 327 1839 Xostes
353 1777 457 1833 terruit.
483 1773 545 1853 lpse
571 1773 735 1855 intempestd
759 1779 845 1834 noble
870 1794 907 1854 pet

235 1857 342 1916 medius
365 1854 502 1915 custodias
527 1853 629 1915 somno
650 1852 787 1935 oppreffus
810 1856 906 1915 incolu·

234 1926 292 2001 ¹mis
312 1939 406 2005 evasit.
423 1936 473 1995 Ob
490 1932 545 1994 hoc
562 1937 598 1995 ab
620 1939 739 1996 exercitu
760 1935 851 1996 civici
869 1956 907 1993 to-

237 2016 309 2081 toni
338 2017 401 2094 [de
427 2037 560 2097 quercu,
584 2039 645 2096 quae
674 2016 791 2077 dabatur
820 2020 848 2076 ei
869 2017 907 2096 qui

235 2100 312 2157 cives
333 2100 363 2156 in
381 2098 457 2157 bello
478 2094 630 2167 servllset3
648 2097 837 2169 obsidionali,
876 2114 906 2154 ux

238 2177 356 2237 dabatur
375 2179 403 2235 ei
422 2180 472 2258 qui
492 2178 640 2243 obsidione
660 2120 904 2249 civesliberellet]
972 2192 973 2221 l

237 2257 358 2318 donatus
376 2256 423 2317 est.
446 2257 557 2319 Consul
570 2259 789 2329 belloLatino5
810 2254 907 2338 collegi

236 2339 351 2400 Manlio
375 2339 549 2419 Torquato,
574 2343 671 2419 positis
694 2340 767 2419 apud
788 2338 906 2399 Veserim

238 2423 355 2481 fluvium
369 2418 462 2479 castris
477 2467 488 2490 ,
510 2418 574 2480 etim
588 2423 696 2501 utrique
708 2419 829 2482 Consuli
847 2420 907 2480 som·

238 2505 287 2561 nio
303 2498 476 2572 obvenillet‚
495 2522 543 2561 eos
556 2504 677 2563 videres
695 2501 828 2572 futuros,
843 2519 905 2582 quo·

237 2603 302 2642 rum
323 2583 379 2643 dux
398 2584 428 2642 in
450 2583 545 2661 praelio
563 2579 709 2663 cecidilset.
723 2582 802 2641 Turn
816 2581 906 2642 collato

238 2683 303 2722 tunt
330 2663 440 2745 collegi
467 2661 608 2734 somnio,
635 2661 701 2724 ctlm,
727 2658 905 2725 conuenisset,

236 2761 267 2803 ut
287 2748 363 2823 cujus
383 2748 519 2805 cornuin
539 2747 598 2807 acie
621 2745 784 2827 laboraret,
805 2744 866 2804 Diis
883 2734 906 2798 se
