1972 3624
275 223 626 279 retrone
719 229 781 297 tm

38 368 42 379 ·
105 328 152 390 'vel
170 330 279 409 privato
304 329 490 390 contubernio
510 330 663 410 cognitos,
685 326 790 408 eosque

107 408 295 482 honoribus,
327 408 475 492 pecunid,
509 406 653 468 beneficiis
688 411 791 468 cae'teris
872 430 875 435 ·

107 513 274 563 munerare,
295 488 445 573 prasertim
467 511 590 572 quorum
613 510 679 573 erga
701 487 794 549 level
820 516 822 520 ’

16 580 18 587 ’
106 593 215 653 patrem
230 571 327 653 aspero
344 572 410 631 casu
429 572 522 632 officia
541 572 717 651 probaverat.
738 571 793 633 Illa

106 672 226 722 tamen,
247 655 349 735 quibus
369 654 510 733 Trajanus
529 650 653 732 aspersus
667 651 725 724 est,
745 654 791 711 vi-

106 736 264 794 nolentiam
280 733 386 794 lcilicet
396 744 423 794 &
441 734 601 814 cupidinem
617 732 793 814 triumphan-

107 816 161 886 di,
183 815 269 897 usque
289 815 323 876 eb
340 814 507 886 detestatus,
525 835 556 874 ut
567 814 641 875 bella
654 837 713 874 non
727 837 793 874 mo-

107 899 204 969 verit,
226 896 274 957 sed
300 901 457 966 invenerit3
481 893 708 978 prohibueritque
729 896 793 980 lege

107 977 262 1039 ministeria
283 977 386 1039 lasciva
410 976 592 1059 psaltriasque
620 975 791 1037 commessa-

108 1061 233 1119 tionibus
253 1058 382 1119 adhiberi
392 1082 402 1129 3
420 1078 536 1139 tantum!
546 1059 647 1138 pudori
667 1061 793 1118 tribuens

108 1150 139 1202 &
158 1143 357 1210 continentiae,
376 1159 407 1199 ut
425 1138 656 1200 consobrinarum
681 1144 793 1220 nuptias

107 1224 246 1292 vetuerit,
269 1241 416 1302 tamquam
444 1219 582 1280 sororum.
608 1222 744 1291 Litteris,
769 1224 794 1281 si

108 1302 230 1362 nimitim
253 1303 391 1382 perfecios
412 1304 656 1382 contemplemur,
676 1302 793 1361 medio-

109 1385 194 1443 criter
220 1384 346 1454 dodiu53
374 1382 459 1467 saga}
487 1384 590 1465 plane,
617 1382 794 1465 multtimque

71 1466 73 1469 ’
108 1465 231 1547 diligens
256 1465 292 1524 ad
318 1464 460 1525 noscenda
484 1470 623 1543 majorum
654 1460 738 1547 gesta.
766 1466 794 1525 E

132 1547 213 1605 uibus
238 1568 297 1606 non
324 1546 474 1621 desinebat
495 1545 649 1616 exsecrari,
672 1567 794 1627 quorum

109 1568 185 1704 salia
212 1624 351 1708 superba,
376 1626 522 1698 crudelia,
550 1628 727 1708 libertatique
749 1632 794 1687 in-

110 1706 182 1767 festa
198 1709 323 1792 legerat,
345 1728 375 1768 ut
394 1708 543 1778 Cinnam,
564 1710 709 1779 Marium,
730 1709 795 1769 Sul-

109 1790 246 1870 lamque,
269 1808 354 1870 atque
379 1786 521 1848 universos
553 1789 794 1861 dominantium,

111 1871 249 1951 praecipub
266 1890 362 1930 tamen
380 1868 500 1949 perfidos
516 1879 542 1930 δι
558 1872 693 1953 ingratos.
709 1869 795 1930 ltasci

111 1949 180 2010 sane
195 1953 276 2012 rebus
296 1951 439 2033 indignis,
462 1949 510 2010 sed
531 1953 605 2011 fletri
622 1950 679 2010 cito
690 1996 699 2022 ,
720 1952 795 2010 unde

108 2031 228 2092 modici
250 2032 385 2093 dilatione
407 2026 622 2092 emolliebantur
640 2031 795 2113 aliquandi>

112 2112 208 2174 severa
225 2133 370 2195 pracepta.
393 2113 559 2194 Habuitque
577 2112 593 2172 ὲ
611 2132 715 2172 natura:
735 2136 797 2174 mu-

112 2215 179 2254 nere
194 2240 204 2266 ,
218 2195 302 2276 'quod
321 2192 462 2277 Augustus
482 2192 498 2252 ‘a
520 2192 706 2274 philosophia
726 2195 797 2254 doc-

109 2295 184 2336 tore.
204 2277 264 2354 Qui
279 2275 343 2336 crim
356 2272 465 2336 vidillet
483 2296 547 2335 eum
568 2275 651 2336 facile
664 2297 797 2339 commo-

112 2359 196 2428 veri,
215 2379 250 2417 ne
272 2355 399 2437 asperum
424 2357 531 2437 aliquid
556 2355 707 2428 statueret,
729 2379 796 2417 mo-

113 2440 197 2508 nuit,
222 2440 271 2498 ubi
296 2436 378 2499 irasci
402 2435 545 2519 coepisset,
569 2457 690 2525 quatuor
712 2459 798 2520 atque

93 2521 227 2601 'viginti
250 2520 361 2580 Graecas
387 2521 497 2581 litteras¹
516 2522 654 2579 memoria
672 2519 798 2579 recense-

114 2620 177 2670 ret,
197 2620 227 2658 nt
242 2601 290 2659 illa
308 2603 478 2672 concitatio,
499 2621 560 2680 quae
580 2603 720 2660 momenti
739 2601 796 2674 eli,

115 2700 211 2739 mente
235 2679 293 2740 alib
316 2681 463 2751 medodi,
486 2685 564 2760 parvi
592 2686 725 2763 temporis
751 2687 796 2743 in-

116 2759 230 2839 terjediu
251 2760 449 2845 languesceret.
472 2762 577 2821 Melior
594 2761 670 2824 haud
689 2765 797 2836 dubie,

116 2841 196 2924 quod
215 2841 253 2903 est
270 2865 337 2905 rarae
359 2844 489 2916 virtutis,
505 2842 566 2925 post
588 2845 698 2987 auptiam
716 2849 800 2909 annis

262 2951 266 2959 ¹
657 2949 675 2992 v
